1593 2409
668 108 735 135 XXI

73 200 288 231 Adnotationes
316 199 476 238 pleraeque
500 197 646 227 Ammiani
680 201 710 226 et
732 196 825 226 Solini
849 203 916 225 cum
940 203 1035 233 paene
1058 193 1092 223 ad
1116 192 1239 222 verbum
1263 201 1336 221 con-

75 252 216 287 sentiant,
242 254 366 290 apparet
381 250 433 279 alia
450 249 614 284 Ammiano,
634 248 687 278 alia
705 247 808 276 Solino
824 246 944 285 propria
960 255 1039 275 esse:
1064 244 1193 283 denique
1210 253 1284 282 quae
1300 243 1336 272 de

76 303 181 333 Neuris
199 307 323 341 uterque
348 301 445 336 tradit,
469 301 557 340 plane
573 300 686 330 diversa
702 303 782 328 sunt.
824 298 923 336 itaque
949 306 1045 335 neque
1068 305 1083 325 a
1100 295 1203 325 Solino
1227 294 1339 334 pendet

75 354 249 384 Ammianus
274 362 371 391 neque
388 352 559 382 Ammianus
583 360 598 380 a
620 350 732 385 Solino,
755 349 806 379 sed
830 353 889 378 tam
913 348 962 377 hic
985 356 1074 386 quam
1098 347 1146 376 ille
1169 346 1339 385 petiverunt

75 406 148 435 haec
172 415 207 435 ex
231 404 443 435 commentario
466 402 630 442 deperdito,
655 401 704 439 qui
728 400 857 430 Plinium
873 398 1038 437 Melamque
1063 398 1118 427 iam
1143 397 1180 426 ita
1204 397 1265 426 fere
1290 406 1339 426 ex-

76 457 207 487 hibuerit
236 455 468 492 contaminatos,
500 458 532 483 ut
560 457 705 491 apparent
733 451 810 490 apud
835 450 970 479 Solinum
1002 458 1129 487 eumque
1153 449 1215 477 sere
1239 457 1339 477 rerum

78 508 214 538 ordinem
238 506 440 541 constituerit,
470 513 557 544 quem
581 509 639 533 tam
662 502 835 532 Ammianus
866 510 954 540 quam
978 500 1098 530 Solinus
1122 508 1223 538 presse
1247 499 1340 529 secuti

77 563 157 590 sunt.
191 575 231 581 —-
272 557 383 587 Addam
415 566 450 586 ex
479 556 578 585 multis
607 555 695 584 alium
725 553 840 589 locum,
875 552 954 582 unde
989 552 1182 581 confirmatur
1212 551 1241 580 in
1272 552 1341 579 Am-

79 610 183 640 mianis
214 609 259 639 his
289 608 507 647 Solinianisque
537 605 668 636 eiusdem
696 604 764 635 libri
794 604 866 634 duas
896 603 1039 642 epitomas
1074 611 1229 641 superesse
1265 602 1343 631 inter

81 671 113 692 se
137 661 280 691 diversas:

95 734 241 762 PLINIVS
260 737 283 766 9,
299 736 448 761 107-116:
493 732 690 759 AMMIANVS
706 733 747 765 23,
755 732 902 763 6,85-88:
972 728 1125 755 SOLINVS
1136 730 1177 761 53,
1188 729 1303 754 23-28:

79 796 129 822 has
139 794 277 827 (conchas)
287 794 334 820 ubi
344 793 467 827 genitalis
493 792 653 826 margaritae
669 791 860 825 repperiuntur
878 790 905 816 in
933 789 1053 815 conchae
1063 788 1282 822 sunt‚inquibus
1292 787 1344 813 hoc

80 838 145 865 anni
157 837 303 864 stimularit
312 837 386 869 hora,
399 844 467 870 pan·
493 835 570 862 testis
595 834 706 861 marinis
731 834 851 861 robustis
880 835 907 859 et
931 839 1016 864 genus
1030 831 1149 864 lapidum
1163 830 1343 863 (margaritae)

81 880 176 907 dentes
195 887 224 906 se
239 879 355 913 quadam
369 878 468 905 oscita-
495 877 617 905 candidis
641 876 816 911 permistione
838 876 906 902 roris
932 874 1085 908 requiritur,
1104 880 1173 907 quae
1189 874 1262 899 certo
1281 872 1345 899 anni

81 924 155 951 tione
167 922 273 956 impleri
285 921 391 948 roscido
405 929 469 948 con·
496 921 560 948 anni
588 923 709 954 tempore
742 918 906 953 praestituto
933 920 1053 950 tempore
1088 915 1243 942 luxuriante
1281 923 1344 941 con-

83 968 164 1000 ceptu
182 964 302 997 tradunt,
497 966 654 997 conceptae.
684 962 823 996 cupientes
836 961 906 988 enim
933 963 1014 993 ceptu
1040 960 1135 986 sitiunt
1160 966 1248 985 rorem
1272 958 1345 984 velut

495 1005 677 1033 velutcoitum
687 1004 905 1038 quendamumo·
933 1003 1072 1033 maritum,
1105 1001 1181 1028 cuius
1213 1001 1346 1027 desiderio

495 1057 538 1077 res
563 1057 597 1076 ex
626 1049 716 1075 lunari
746 1046 906 1081 adspergine
933 1045 1024 1071 hiant:
1051 1048 1077 1070 et
1103 1052 1163 1071 cum
1182 1044 1298 1070 maxime
1315 1044 1346 1070 li-

497 1092 609 1126 capiunt
627 1091 736 1117 densius
755 1089 904 1117 oscitando.
933 1088 1025 1121 quitur
1052 1087 1155 1114 lunaris
1184 1087 1270 1113 imber
1293 1087 1345 1115 (lu-

932 1138 1012 1157 nares
1032 1130 1173 1164 liquuntur
1188 1129 1344 1162 aspergines

935 1173 966 1200 cl.
978 1172 1047 1205 III),
1057 1172 1218 1199 oscitatione
1231 1171 1347 1205 quadam

936 1216 1065 1242 hauriunt
1083 1222 1202 1241 umorem
1217 1214 1347 1248 cupitum.

498 1271 648 1304 exindeque
657 1270 811 1303 gravidulae
827 1270 911 1296 edunt
937 1266 976 1293 sic
996 1266 1152 1299 concipiunt
1173 1265 1351 1298 gravidaeque

498 1315 615 1341 minutas
624 1313 702 1340 binas
708 1315 862 1345 autternas‚
870 1313 912 1339 vel
938 1309 1016 1335 fiunt.

500 1358 614 1385 uniones
626 1357 685 1384 ideo
697 1357 736 1383 sie
751 1356 913 1390 appellatas,

502 1402 573 1435 quod
587 1400 752 1426 evisceratae
766 1398 917 1425 conchulae

503 1443 622 1476 singulas
654 1441 817 1475 aliquotiens
843 1440 912 1475 pari-

505 1489 563 1520 unt,
581 1485 628 1512 sed
647 1485 771 1511 maiores.

92 1546 215 1580 gravidas
232 1547 327 1579 postea
345 1544 409 1570 eniti
419 1551 480 1577 par·
944 1539 976 1566 de
1001 1539 1110 1572 saginae
1140 1537 1270 1572 qualitate
1294 1536 1354 1563 red-

92 1592 203 1622 tnmque
232 1587 398 1614 concharum
421 1593 480 1612 esse
945 1582 1013 1609 dunt
1031 1582 1139 1608 habitus
1158 1581 1303 1607 unionum:

93 1631 253 1664 margaritas
281 1638 331 1664 pro
351 1629 481 1663 qualitate

94 1675 164 1701 roris
183 1673 305 1707 accepti:

96 1734 119 1761 si
128 1741 214 1768 purus
224 1732 372 1763 influxerit,
383 1730 481 1758 cando·
945 1735 1007 1754 nam
1026 1727 1048 1754 si
1061 1734 1159 1761 purum
1176 1725 1265 1756 fuerit,
1285 1724 1356 1758 quod

96 1784 153 1804 rem
172 1775 301 1810 conspici,
945 1770 1110 1804 acceperint,
1130 1768 1274 1795 candicant
1287 1767 1356 1794 orbi-

947 1813 1001 1840 culi
1019 1812 1182 1846 lapillorum,

98 1888 120 1915 si
132 1895 195 1915 vero
207 1886 341 1917 turbidus
359 1886 387 1911 et
398 1884 483 1911 fetum
947 1874 971 1900 si
994 1872 1148 1904 turbidum,
1177 1871 1226 1896 aut
1252 1868 1357 1903 pallore

98 1930 270 1958 sordescere:
290 1928 404 1955 eundem
425 1926 483 1960 pal·
948 1916 1078 1948 languent
1096 1916 1144 1940 aut
1169 1913 1229 1939 rufo
1248 1910 1357 1938 innubi-

98 1974 154 1999 lere
174 1972 249 1999 caelo
272 1971 392 1997 minante
421 1977 484 1995 con·
947 1958 1048 1984 lantur.

100 2018 217 2049 ceptum.

101 2083 133 2102 ex
143 2082 174 2101 eo
182 2075 281 2109 quippe
288 2074 412 2100 constare
420 2071 488 2098 caeli
513 2071 593 2104 idque
606 2068 733 2095 indicium
747 2069 788 2094 est
797 2066 924 2092 aetherea
950 2061 989 2086 ita
1002 2058 1087 2091 magis
1100 2057 1135 2083 de
1148 2056 1222 2082 caelo
1237 2061 1315 2088 quam
1329 2052 1364 2078 de

102 2117 200 2151 quietis
218 2117 346 2143 maiorem
371 2113 486 2141 societa-
514 2112 604 2147 potius
612 2110 786 2140 derivatione,
794 2114 924 2142 quamsa-
951 2101 1019 2129 mari
1037 2102 1133 2135 partus
1151 2099 1259 2124 habent.

101 2164 155 2187 tem
174 2167 233 2185 esse
252 2166 330 2192 quam
348 2156 440 2189 maris,
514 2155 583 2189 ginis
602 2153 690 2188 pelagi
708 2153 759 2179 hos
778 2150 842 2178 oriri
855 2150 925 2176 fetus

515 2199 543 2225 et
560 2197 641 2230 vesci,
