1706 2446
90 176 140 213 27,
167 180 205 209 19
229 178 349 217 ancipiti
366 187 484 208 recessu
502 178 686 209 dissimulant
701 180 852 210 timorem:
875 181 964 220 idque
987 187 1088 221 agunt⁷
1112 184 1135 213 si
1159 184 1187 213 in
1213 186 1324 225 campis
1347 186 1431 216 nudis

161 484 201 514 20

159 791 198 820 22

156 996 195 1025 23

827 95 888 123 120

227 238 260 258 ac
277 229 447 268 patentibus
470 234 642 268 urgeantur,
666 240 733 260 nam
756 231 937 261 silvestribus
960 232 1041 269 locis,
1066 234 1148 272 quasi
1171 238 1275 265 testem
1299 237 1428 275 ignaviae
1467 242 1481 266 2

227 289 287 309 non
304 280 507 316 reformident,
532 285 640 320 quanta
659 286 786 320 possunt
809 291 840 312 se
862 283 930 322 fuga
954 285 1141 314 subtrahunt.
1180 295 1248 316 cum
1269 287 1431 326 insequun-
1467 292 1481 317 3

226 337 283 366 tur,
308 331 405 361 nisum
422 331 497 361 saltu
514 331 664 361 adiuvant:
682 341 748 362 cum
765 333 891 372 fugiunt,
917 344 977 364 non
995 335 1092 366 valent
1107 336 1204 366 salire.
1239 335 1250 378 Η
1267 337 1432 376 gradientes
1467 344 1483 368 4

225 391 383 412 mucrones
413 383 556 421 unguium
587 383 699 422 vaginis
728 393 886 424 corporum
917 385 1072 422 claudunt,
1103 396 1140 416 ne
1167 388 1300 418 acumina
1324 388 1431 418 adtritu
1468 394 1482 418 5

225 433 431 463 retundantur.
475 434 533 463 hoc
562 434 633 463 adeo
665 435 850 471 custodiunt,
880 441 912 466 ut
943 437 1062 467 nonnisi
1093 438 1200 468 aversis
1231 439 1341 468 falculis
1364 448 1431 468 cur·
1467 444 1482 469 6

226 489 301 513 rant.
341 483 352 524 H
368 485 460 524 saepti
477 494 492 514 a
507 485 684 515 venantibus
701 486 806 516 obtutu
823 492 930 517 terram
948 493 1138 525 contuentur,
1162 498 1221 528 quo
1237 490 1335 520 minus
1357 499 1430 520 con·
1468 497 1482 520 7

224 535 333 573 spectis
361 535 513 565 venabulis
542 540 719 566 terreantur.
765 536 776 578 ΙΙ
794 547 956 577 numquam
980 539 1050 569 limo
1074 540 1173 570 vident
1195 540 1376 580 minimeque
1399 551 1431 571 se
1467 546 1482 572 8

223 586 328 616 volunt
356 587 456 625 aspici.
494 592 598 617 cantus
621 588 850 626 gallinaceorum
874 594 903 619 et
925 595 1055 619 rotarum
1080 591 1184 620 timent
1206 592 1354 630 strepitus,
1379 593 1430 622 sed
1466 598 1481 622 9

226 638 309 676 ignes
340 638 440 676 magis.
479 637 490 679 ΙΙ
507 638 725 677 leontophonos
748 641 844 670 vocari
868 641 1028 680 accipimus
1051 641 1158 672 bestias
1181 642 1325 678 modicas,
1357 652 1431 681 quae
1455 648 1482 673 10

224 693 328 727 captae
352 693 532 723 exuruntur,
556 694 588 718 ut
611 698 711 719 earum
736 691 843 721 cineris
866 693 1022 731 aspergine
1046 702 1148 723 carnes
1171 693 1300 732 pollutae
1323 694 1430 724 iactae·
1454 698 1481 724 11

224 748 281 777 que
305 749 358 778 per
381 740 499 779 conpita
524 741 766 770 concurrentium
791 742 959 772 semitarum
984 743 1085 773 leones
1109 748 1232 780 necent,
1256 745 1279 774 si
1303 750 1430 783 quantu-
1454 750 1482 775 12

222 790 412 830 lumcumque
429 800 463 820 ex
479 791 534 821 illis
551 792 740 830 sumpserint.
779 798 935 832 propterea
952 794 1053 824 leones
1070 795 1196 824 naturali
1220 804 1268 825 eas
1291 800 1432 834 premunt
1454 801 1481 825 13

221 842 287 871 odio
313 846 400 881 atque
423 842 474 872 ubi
498 843 619 873 facultas
643 843 706 873 data
730 849 783 880 est,
810 854 910 874 morsu
934 846 1052 884 quidem
1077 845 1237 881 abstinent,
1261 847 1312 876 sed
1336 847 1430 876 dilan-
1452 851 1481 876 14

222 893 333 923 cinatas
350 894 518 923 exanimant
534 894 642 933 pedum
659 895 783 925 nisibus.
821 894 833 934 ΙΙ
849 896 1048 934 spectaculum
1067 906 1101 926 ex
1124 897 1169 927 his
1192 897 1304 936 primus
1321 897 1429 927 Romae
1453 902 1480 926 15

221 944 312 973 edidit
334 944 472 974 Scaevola
496 944 591 974 Publii
615 946 691 976 filius
714 946 742 975 in
768 947 863 976 curuli
887 947 1042 977 aedilitate.
1450 953 1477 978 16

298 994 308 1034 ΙΙ
327 995 476 1035 Hyaenam
494 1005 612 1035 quoque
630 997 718 1026 mittit
733 998 841 1032 Africa,
866 998 912 1027 cui
930 1007 996 1027 cum
1014 999 1099 1038 spina
1123 999 1198 1038 riget
1222 999 1329 1029 collum
1355 1008 1428 1029 con·
1451 1004 1479 1029 17

219 1046 301 1076 tinua
318 1047 431 1076 unitate
455 1047 591 1086 flectique
615 1057 676 1077 non
702 1048 764 1086 quit
788 1048 843 1078 nisi
867 1053 928 1078 toto
952 1050 1087 1088 corporis
1111 1050 1300 1080 circumactu.
1338 1050 1429 1080 multa
1451 1055 1478 1080 18

302 1137 407 1164 RCNH
425 1137 553 1171 mmm)
572 1138 646 1165 SAP

303 1188 327 1207 v.
348 1183 360 1206 7
382 1181 510 1214 saepti—
523 1183 536 1207 S
559 1184 712 1207 terreantur
730 1182 888 1216 compilavit
906 1182 1031 1210 Isidorus
1046 1186 1084 1215 12,
1099 1185 1123 1217 2,
1136 1188 1151 1211 4
1238 1193 1261 1211 v.
1282 1186 1296 1210 9
1315 1187 1477 1211 rotarum—

219 1224 249 1248 10
269 1222 353 1256 magis
371 1223 528 1258 compilavit
541 1222 666 1250 Isidorus
681 1226 719 1256 12,
734 1226 756 1256 2,
772 1227 786 1250 4
841 1232 863 1251 v.
881 1227 911 1251 10
929 1225 1124 1259 leontophonos
1135 1241 1166 1245 —
1179 1228 1209 1252 13
1226 1227 1389 1260 sumpserint
1406 1235 1477 1254 oom-

216 1264 315 1299 pilavz't
342 1264 468 1292 Isidorus
488 1267 525 1298 12,
545 1268 568 1299 2,
588 1267 620 1292 34
725 1275 748 1293 v.
776 1269 806 1293 14
833 1275 965 1294 morsu—
979 1270 1008 1293 15
1033 1268 1135 1294 nisibus
1158 1270 1297 1304 excerpsit
1319 1269 1477 1297 Aldlzelmus

211 1316 244 1342 p.
266 1309 314 1333 323
335 1306 409 1333 Gilcs
500 1316 523 1334 v.
546 1311 574 1334 17
594 1309 768 1341 hyaenam—
783 1310 838 1340 121,
860 1312 888 1335 17
909 1310 1042 1336 clauditur
1060 1311 1200 1345 excerpsit
1217 1311 1311 1338 Dicuil
1328 1313 1351 1345 6,
1365 1313 1475 1340 33-35.

304 1378 311 1401 1
346 1376 505 1402 dissimilent
531 1377 652 1403 timorem
681 1377 721 1409 N,
751 1378 1031 1404 dissimulantimorem
1059 1378 1081 1404 S
1207 1380 1298 1413 itaque
1325 1382 1353 1407 H

217 1420 231 1444 3
266 1418 449 1450 reformident]
478 1418 640 1451 CMGSAP,
671 1419 848 1446 reformidant
873 1420 965 1452 RNL,
998 1421 1203 1448 reformidantes
1231 1424 1259 1449 H
1378 1430 1473 1449 secun-

215 1463 259 1486 tur
271 1459 292 1486 S
373 1463 388 1487 4
402 1461 461 1487 nisu
475 1460 547 1493 NP2,
567 1462 617 1488 nisi
631 1464 659 1488 H
739 1462 837 1488 saltum
851 1462 919 1489 MP2
998 1463 1129 1490 adiuuent
1142 1464 1174 1496 P,
1192 1465 1356 1492 adiuuantur
1368 1467 1399 1492 H

216 1502 304 1529 salere
323 1502 414 1535 ΕΘΝ,
433 1504 528 1530 sallere
546 1503 574 1535 S,
594 1504 688 1530 fallere
706 1505 738 1535 A,
758 1505 872 1531 saculire
891 1505 943 1538 Ma,
962 1506 1060 1532 saulire
1079 1506 1121 1532 Mt·
1198 1508 1350 1540 gredientes
1368 1507 1399 1534 M

217 1547 231 1570 ὁ
251 1545 379 1578 ungulum
399 1545 455 1572 ΖΜ
532 1547 689 1580 uaginisque
708 1549 735 1574 H
813 1550 856 1579 ne]
875 1555 924 1574 nec
944 1549 964 1573 G
1042 1549 1142 1575 adtrita
1161 1548 1217 1582 LG,
1235 1550 1351 1577 adtritae
1368 1550 1403 1577 M

219 1590 233 1611 «ἰ
253 1587 398 1614 retundant
410 1590 445 1621 H,
464 1589 617 1615 retunditur
630 1588 652 1615 S
721 1589 842 1616 aduersis
861 1589 940 1617 LMG
1009 1590 1106 1618 faculis
1124 1591 1164 1618 Ra
1235 1595 1248 1616 7
1268 1600 1284 1619 a
1302 1593 1473 1625 uenantibus]

215 1630 359 1656 uenatibus
374 1629 541 1657 RCIVHSA:
561 1639 577 1657 a
595 1633 771 1659 uenatoribus
785 1632 912 1659 Isidorus
990 1636 1062 1659 terra
1080 1634 1106 1660 R
1185 1637 1198 1661 S
1215 1635 1356 1662 uenalibus
1377 1636 1397 1661 G

216 1672 343 1699 uidentur
366 1674 389 1699 Α
460 1673 567 1700 minime
591 1683 643 1701 om.
669 1676 702 1701 Ca
772 1682 801 1701 se
824 1675 856 1707 (si
874 1676 908 1707 Α)
931 1675 1015 1701 uelint
1033 1675 1078 1701 SA
1149 1678 1163 1702 9
1187 1677 1281 1710 aspici]
1304 1678 1364 1711 aspi
1382 1677 1405 1704 L

213 1715 386 1748 gallieeornm
407 1715 428 1742 S
514 1716 569 1747 sed]
589 1716 738 1744 RCNSAP
754 1726 814 1743 cum
834 1716 955 1749 Isidoro,
977 1718 1024 1744 sed
1043 1721 1068 1744 et
1088 1720 1122 1750 H,
1142 1721 1169 1745 et
1187 1719 1266 1746 LMG
1338 1723 1367 1746 10
1385 1721 1471 1753 ignem

214 1757 262 1783 LG
331 1758 537 1792 leontophonos]
558 1758 709 1786 CMJSAP
726 1768 784 1786 cum
804 1758 927 1786 Isidoro:
953 1760 1149 1794 leontophonos
1168 1761 1254 1788 bestia
1272 1766 1299 1788 et
1316 1762 1472 1789 Aldlzelmo:

216 1800 324 1827 Solinus
342 1800 375 1827 de
394 1801 576 1833 leontophono
597 1802 698 1834 bestia,
717 1802 901 1828 leontofronos
921 1802 954 1834 R,
973 1802 1169 1836 leontophanas
1188 1803 1295 1830 LMGP
1379 1805 1472 1831 uocari

214 1842 365 1876 accipimus
390 1843 552 1876 (accepimus
573 1845 618 1875 H)]
640 1851 665 1869 a.
685 1852 711 1870 u.
731 1844 774 1870 SA
848 1847 875 1870 11
897 1844 986 1877 capite
1006 1844 1038 1870 Ca
1119 1845 1222 1871 cineres
1241 1845 1292 1872 MS
1375 1849 1405 1872 12
1424 1855 1471 1873 cu-

215 1884 272 1917 pita
284 1885 313 1911 ,N
368 1887 397 1910 13
420 1888 545 1918 proterea
557 1885 596 1911 Ra
649 1885 724 1912 lones
742 1885 770 1911 Ν
824 1888 854 1911 14
873 1886 927 1917 ubi]
946 1885 983 1911 ibi
1001 1886 1030 1912 Ν
1080 1886 1267 1919 dilancinatas]
1288 1888 1314 1914 P
1329 1897 1388 1914 cum
1405 1889 1471 1915 Ald-

215 1928 312 1959 ieelmo,
331 1927 482 1954 lancinatas
495 1927 531 1953 II
546 1927 620 1960 (Las,
638 1928 785 1954 lantinatas
806 1929 844 1960 G),
863 1928 1005 1955 dilaniatas
1025 1927 1045 1953 I
1059 1928 1175 1961 (BONA,
1195 1930 1329 1957 dilaniatis
1349 1933 1384 1963 H,
1403 1931 1470 1958 hila.-

216 1971 304 1997 nIatas
324 1969 353 2002 S)
452 1972 481 1995 15
504 1970 658 1996 examinant
679 1970 698 1995 G
794 1970 909 2004 primum
927 1970 953 1996 R
1051 1972 1080 1996 16
1100 1971 1173 1997 dedit
1192 1971 1237 1998 SA
1333 1973 1472 2005 se(a)efola

213 2013 262 2039 A'S
332 2013 407 2047 publi
421 2011 511 2044 Δ71881,
531 2012 607 2046 pupli
628 2012 649 2038 C
715 2013 742 2038 in
762 2013 848 2039 curuli
867 2013 953 2043 (curili
971 2014 1005 2045 Α)
1023 2018 1074 2040 ons.
1096 2014 1116 2039 G
1185 2015 1329 2042 aedilatate
1346 2016 1419 2042 NLS

218 2057 244 2081 17
264 2056 362 2081 henam
380 2055 414 2082 M
497 2056 586 2081 mittat
604 2057 631 2082 H
700 2056 743 2081 eui
763 2064 814 2081 om.
833 2055 859 2082 R
947 2057 977 2081 lS
1001 2055 1125 2089 flectique
1150 2064 1202 2083 non
1222 2059 1294 2090 (num
1313 2058 1351 2090 M,
1373 2066 1406 2085 ne
1424 2058 1471 2092 ΡΞ)

213 2098 279 2131 quit]
299 2098 371 2124 flecti
390 2105 443 2124 non
463 2098 520 2131 quit
537 2097 642 2129 RCNS,
661 2097 732 2123 flecti
751 2097 844 2131 nequit
863 2097 924 2129 HA,
942 2097 1027 2124 flectit
1045 2106 1097 2124 non
1119 2099 1178 2126 Dic.
1278 2101 1398 2134 corporis
1418 2102 1468 2128 cir-

213 2142 347 2171 cumactu]
361 2139 465 2167 RCNH
473 2140 531 2166 Dic.
546 2148 604 2166 cum
619 2140 719 2169 Plinio,
739 2148 851 2174 corpore
865 2141 1026 2167 circumacto
1040 2142 1094 2178 (ftu
1107 2140 1146 2174 M)
1157 2141 1270 2176 LMGP,
1290 2151 1402 2177 corpore
1417 2144 1467 2170 cir—

212 2185 338 2209 cumacta
356 2184 388 2214 A,
409 2183 529 2216 corporis
549 2183 714 2210 circumacta
732 2182 753 2209 S
830 2183 942 2209 multum
963 2183 983 2208 G

1505 347 1548 367 PL.
1587 361 1594 373 ‚

1503 499 1548 519 PL.

1504 550 1547 570 PL.

1505 651 1548 672 PL.
1566 644 1594 679 8,
1612 643 1688 675 136’

1503 906 1546 926 PL.
1564 897 1592 933 8,
1610 899 1649 930 53

1501 1008 1544 1028 PL.
1562 999 1590 1034 8,
1609 1000 1669 1031 105
