1650 2446
387 539 558 578 SOLINI
587 539 726 584 QVAE
751 538 1021 576 DICVNTVR
1047 537 1283 576 PONTICA.

291 635 495 674 Reperinntur
523 644 624 664 versus
654 633 815 663 hexametri
845 633 946 672 viginti
976 633 1033 662 (luo
1059 633 1151 662 Solini
1176 633 1363 663 collectaneis
1386 639 1461 662 tam-

207 695 294 725 quam
318 695 386 725 pars
409 696 512 716 eorum
537 690 635 715 essent
659 685 810 715 subiuncti
833 685 862 713 in
888 684 1039 714 codicibus
1062 684 1248 723 quibusdam,
1273 684 1322 722 qui
1346 690 1415 714 sunt

291 739 313 767 Α
339 754 378 763 :=
403 738 554 767 Parisinus
579 738 658 768 6831
684 745 760 765 saec.
784 736 809 764 X

291 788 313 818 B
336 802 379 814 τε
402 789 553 818 Parisinus
577 789 660 819 6810
685 797 759 817 saec.
784 787 808 816 X

291 840 473 870 Autunensis
497 850 526 869 n.
544 841 584 872 39
608 848 684 868 saec.
701 838 750 873 xl,
774 838 940 876 descriptus
964 843 995 867 ut
1018 837 1132 866 videtur
1155 846 1190 866 ex
1213 837 1237 866 B

292 891 313 921 C
337 906 376 916 =
402 891 553 921 Parisinus
578 890 808 926 4873÷8319
840 890 858 918 f.
884 890 923 921 39
947 898 1021 918 saec.
1044 888 1175 926 xlsX11;
1206 888 1317 917 scilicet
1346 897 1462 917 reman-

206 946 310 971 serunt
326 942 355 971 in
381 942 430 971 illo
448 943 510 980 (θ’)
536 952 559 971 ν.
576 944 657 972 1—5
681 942 758 971 iusto
776 940 879 970 ordine
896 940 1063 978 perscriptiq
1088 949 1200 974 omnes,
1224 939 1275 968 sed
1291 939 1463 977 transpositi

208 993 349 1031 leguntur
369 993 397 1022 in
422 994 492 1023 solio
510 993 578 1022 inde
603 997 720 1023 exsecto
745 992 800 1021 iam
818 992 930 1021 inserto
955 991 1048 1020 codici
1073 1001 1101 1020 n.
1116 992 1198 1022 8319
1216 990 1266 1028 (C'2
1282 990 1311 1019 in
1329 1000 1355 1019 v.
1372 992 1462 1025 1—5,

207 1044 313 1073 deinde
331 1044 380 1082 C),
405 1049 436 1073 ut
461 1044 625 1074 observavit
648 1044 722 1073 Max.
746 1043 864 1073 Bonnet
887 1043 915 1071 in
941 1042 1097 1071 annalibus
1120 1041 1304 1071 Fleckeiseni
1328 1041 1383 1070 vol.
1405 1043 1462 1071 115

207 1096 317 1134 (1877)
335 1105 362 1134 p.
377 1097 448 1126 272.
486 1096 612 1125 contulit
628 1095 794 1125 Parisinum
819 1095 900 1125 8319
920 1094 1071 1123 Baehrens
1094 1099 1173 1132 poet.
1198 1092 1261 1121 Lat.
1286 1093 1356 1121 min.
1373 1092 1429 1121 vol.
1445 1093 1462 1122 3

208 1156 236 1185 p.
255 1148 325 1177 172.

293 1198 316 1227 D
342 1212 381 1222 =
406 1198 563 1227 Vaticanus
586 1197 706 1235 reginae
731 1206 759 1225 n.
779 1198 860 1228 1478
884 1206 960 1227 saec.
977 1196 1027 1226 XV
1050 1195 1239 1235 praecedenti
1256 1194 1421 1223 simillimus

295 1249 318 1278 E
342 1263 383 1273 Ξ
408 1249 534 1279 Casinati
558 1253 662 1278 nostro
687 1248 858 1277 adiunctum
883 1248 984 1278 solium
1009 1247 1168 1277 continens
1186 1245 1278 1276 Solini
1302 1245 1389 1275 verba
1414 1254 1464 1274 ex-

210 1306 302 1330 trema
328 1309 394 1329 cum
419 1300 638 1338 subscriptione
662 1299 734 1329 Iulii
754 1299 852 1329 Solius
879 1299 1004 1329 collectio
1027 1308 1125 1328 rerum
1155 1296 1384 1327 memorabilium
1413 1305 1464 1325 em-

205 1351 287 1392 plt'cit
311 1351 470 1381 subiuneto
496 1351 625 1381 carmine
651 1360 685 1379 eo
709 1351 744 1379 (le
769 1361 827 1389 quo
851 1351 974 1388 agimus.
1001 1359 1155 1388 superesse
1179 1349 1280 1378 folium
1306 1357 1339 1377 ex
1364 1347 1465 1376 codiee

209 1403 309 1432 classis
332 1403 479 1432 secundae
503 1403 571 1431 inde
596 1402 760 1440 colligitur,
790 1402 868 1440 quod
893 1412 920 1440 p.
939 1403 1017 1436 215,
1035 1402 1052 1431 3
1078 1401 1116 1429 ibi
1141 1405 1184 1429 est
1206 1400 1374 1438 fert'ttmcia,
1398 1408 1464 1428 cuin

208 1455 336 1492 ferentia
359 1453 491 1483 scribant
514 1454 620 1483 classes
644 1453 737 1491 prima
762 1458 790 1482 et
814 1453 908 1482 tertia.

295 1505 322 1534 M
345 1519 387 1529 =
410 1505 623 1534 Ambrosianus
647 1505 668 1534 C
685 1506 746 1535 246
771 1504 833 1539 ins„
858 1504 936 1533 unde
961 1513 1078 1533 carmen
1104 1502 1172 1531 mihi
1198 1502 1353 1540 exscripsit
1369 1501 1464 1530 Hehn.

210 1556 253 1585 Ex
284 1556 328 1585 his
352 1556 435 1585 libris
459 1556 523 1585 Par.
542 1557 618 1587 6831
649 1556 822 1594 praescribit
844 1564 946 1585 uersus
969 1556 1082 1594 peracti
1109 1556 1216 1593 operis,
1249 1553 1312 1582 Par.
1331 1553 1413 1583 6810
1439 1556 1467 1581 et

210 1607 329 1636 Casinas
353 1607 548 1646 inscriptione
573 1612 689 1642 carent⁷
722 1607 861 1636 Vaticano
885 1606 1004 1645 reginae
1030 1606 1110 1637 1478
1135 1604 1362 1643 praescribitur:
1400 1605 1466 1632 item

213 1658 270 1687 Gai
292 1657 362 1687 Iulii
384 1658 481 1688 Solae‘ni
502 1660 563 1687 siue
589 1661 756 1696 paramenti
774 1660 928 1697 ponticon,
959 1657 1090 1686 Parisino
1114 1658 1212 1688 4873:
1249 1657 1315 1685 item
1341 1656 1370 1684 C.
1396 1653 1467 1683 lala·

210 1709 308 1738 Solz'nz’
321 1709 454 1748 poliistor
470 1712 616 1749 ponticon.
655 1719 689 1738 ex
710 1709 882 1745 editoribus,
906 1710 940 1738 de
958 1708 1066 1747 quibus
1088 1708 1232 1737 videndus
1243 1706 1466 1736 Wernsdorlius

213 1761 303 1799 (poet.
321 1760 384 1790 Lat.
402 1761 473 1790 min.
494 1763 521 1796 1,
541 1762 622 1797 153),
648 1761 787 1790 Pithoeus
811 1760 934 1789 omnino
958 1770 1028 1790 usus
1052 1764 1095 1789 est
1118 1759 1192 1788 libro
1216 1758 1302 1787 hodie
1316 1757 1465 1787 Yaticano.

213 1811 372 1841 Salmasius
395 1821 462 1841 cum
488 1822 605 1842 carmen
631 1813 733 1841 all'erat
756 1812 832 1841 sicut
855 1811 988 1850 repperit
1017 1811 1056 1840 ‘in
1081 1810 1239 1849 exemplari
1264 1809 1345 1847 regio
1370 1813 1467 1837 vetus-

210 1862 322 1892 tissimo
353 1863 388 1892 ad
419 1864 508 1893 linem
532 1864 651 1900 Solini’,
681 1863 826 1902 intellegit
851 1863 915 1893 sine
946 1863 1035 1892 dubio
1065 1862 1208 1901 optimum
1238 1861 1351 1898 regium
1380 1868 1466 1888 suum

212 1914 271 1944 sive
290 1914 456 1944 Parisinum
474 1916 566 1950 6810,
591 1916 640 1945 sed
666 1915 744 1953 quod
761 1915 800 1944 ait
823 1914 862 1944 ibi
887 1914 1047 1953 praescribi
1071 1915 1171 1953 incipit
1188 1913 1310 1942 eiusdem
1332 1912 1467 1951 pomi'con

212 1970 341 1996 erratum
359 1970 402 1995 est
418 1966 591 2005 videturque
608 1966 749 1996 memoria
766 1966 865 2005 lapsus
882 1966 1050 1995 confudisse
1066 1965 1213 1994 Parisinos
1229 1965 1312 1995 4873
1330 1969 1358 1992 rt
1374 1963 1467 1994 6810.

214 2026 250 2045 ne
276 2017 377 2046 credas
399 2026 431 2046 ca
455 2022 579 2056 propter
602 2018 680 2057 quod
705 2018 733 2047 in
760 2017 892 2047 Parisino
917 2017 996 2048 6831
1023 2026 1123 2046 versus
1147 2017 1174 2045 hi
1199 2016 1335 2055 paginam
1361 2015 1469 2043 liniunt

213 2068 331 2097 desecto
355 2068 424 2097 solio
441 2069 575 2107 proxime
592 2074 703 2104 secuto,
728 2078 762 2098 ex
787 2069 842 2098 hoc
866 2068 997 2106 pendere
1014 2068 1131 2097 codices
1147 2068 1287 2105 reliquos,
1310 2067 1337 2095 id
1363 2076 1396 2095 eo
1422 2075 1467 2094 re-

214 2119 335 2154 futatur,
359 2120 438 2157 quod
462 2129 581 2149 carmen
600 2121 628 2149 in
647 2120 748 2149 codice
765 2120 848 2150 6810
871 2119 1050 2158 proponitur
1066 2119 1153 2157 longe
1170 2118 1353 2148 emendatius
1371 2126 1467 2155 neque

211 2169 246 2199 iis
276 2170 533 2200 emendationibus
563 2170 662 2209 petitis
697 2180 730 2200 ex
761 2170 940 2199 coniectura.
993 2170 1049 2199 iam
1081 2179 1147 2199 cuin
1177 2170 1234 2199 duo
1266 2169 1371 2198 vetusti
1402 2168 1467 2197 libri
