1593 2409
63 304 122 335 100
147 311 176 331 n.

66 457 121 488 101
149 464 177 484 n.

69 714 128 744 102
152 722 182 741 n.

71 867 130 897 103
155 874 183 894 n.

75 1020 133 1050 104
158 1027 187 1047 n.

80 1326 138 1357 105
163 1333 192 1353 n.

26 1427 60 1457 M
75 1428 134 1458 106
160 1436 188 1455 n.

651 99 725 128 XLV

187 197 242 227 sub
259 195 344 226 titulo
360 203 459 224 versus
472 192 583 232 peracti
597 190 690 230 operis
706 187 844 217 adhaeret
860 192 980 214 carmen
993 181 1097 219 Telliya
1110 179 1185 217 (vide
1199 176 1324 217 p.233).

187 250 243 279 hoc
266 247 342 277 libro
367 254 436 275 usus
460 249 504 273 est
528 240 707 280 Bongarsius
731 239 768 276 (v.
792 247 820 276 p.
838 235 922 272 LVI.)

207 300 291 332 6832
322 306 398 328 saec.
429 295 512 330 xlu,
543 293 611 323 olim
643 290 777 321 Puteani.
822 286 992 325 inscriptio:
1023 284 1122 322 incipit
1147 280 1264 311 Solinus
1295 278 1326 308 cle

189 350 371 382 mirabilibus
393 347 497 378 mundi
504 356 512 382 ‚·
535 342 731 381 subscriptio:
755 340 853 370 Flavii
875 339 921 376 (ex
938 337 971 375 ll.
988 349 1029 360 ε
1045 334 1180 372 feliciter)
1209 331 1238 360 C.
1256 329 1329 360 Iulii

195 402 291 432 Solini
311 399 495 440 grammatici
517 397 587 426 liber
609 394 734 433 emplicic.

208 454 291 485 6833
320 461 396 482 saec.
426 449 494 485 Xll,
529 456 618 486 quem
648 444 788 483 magister
818 441 966 469 lohannes
997 436 1104 466 Garelli
1137 432 1328 463 Ebroicensis

194 505 272 535 dedit
295 503 418 541 collegio
434 502 469 530 de
487 499 628 536 Plasseys,
653 494 759 525 deinde
783 491 886 522 habuit
902 490 1034 528 Bigotus.
1081 485 1235 524 inscriptio
1260 489 1329 523 post

192 556 419 597 praefationem:
456 550 549 581 Iulius
578 548 696 578 Solinus
731 546 762 575 de
792 540 1026 573 memorabilibus
1057 540 1158 577 incipit
1189 536 1331 575 feliciter‚¹

192 605 369 644 subscriptio
393 601 613 633 Theodosiana:
644 598 738 628 Iulius
761 595 881 626 Solinus
905 594 937 622 de
962 601 1044 621 mem.
1068 589 1145 629 ampl.
1169 587 1220 627 fel.
1247 591 1282 616 st.
1307 591 1331 615 ec

195 660 221 689 d.
246 658 344 688 domni
368 654 417 684 Th.
442 656 501 684 inv.
523 661 570 692 pr.

205 710 289 741 6834
313 707 442 745 scriptus
466 714 491 734 a.
518 705 609 734 1450.
659 698 813 737 inscriptio
845 701 873 726 et
902 693 1099 732 subscriptio:
1136 690 1208 721 Iulii
1238 688 1336 718 Solz'ui

194 761 232 791 ad
268 758 454 789 Theodosium
483 756 644 795 principem
683 752 714 781 cle
747 749 851 779 mundi
896 744 1078 776 mirabilibus
1119 744 1198 781 (mir.
1233 739 1336 770 mundi

195 811 320 847 subscr.)
344 809 423 838 liber.

201 863 283 894 6835
307 870 383 891 sace.
401 858 460 888 XV.
500 855 654 894 inscriptio
679 857 747 882 ante
771 850 948 881 laterculum
972 849 1101 885 itemque
1128 850 1195 874 ante
1220 843 1334 882 praefa-

196 915 324 944 tionem:
354 910 424 940 Iulii
447 908 543 939 Solini
569 908 600 936 de
622 907 680 935 sicu
703 904 780 934 orbis
803 908 954 932 terrarum
984 904 1008 929 ec
1032 899 1064 928 de
1093 896 1215 936 singulis
1245 896 1336 924 mira-

198 964 301 995 bilibus
324 973 375 1002 que
398 963 430 991 in
452 960 558 989 mundo
582 957 725 987 habentur
748 956 791 990 (in
814 963 844 982 eo
869 958 936 982 sunt
960 951 1026 980 loco
1050 949 1172 988 priore).

212 1016 295 1047 6836
319 1023 395 1044 saec.
418 1011 478 1041 XV.
528 1007 683 1047 inscriptio
712 1010 780 1035 ante
803 1003 995 1034 laterculum:
1030 1000 1052 1030 l.
1077 999 1107 1028 S.
1133 1000 1165 1028 de
1188 1000 1244 1028 situ
1268 1006 1294 1026 0.
1318 1001 1337 1026 l.

201 1072 225 1097 et
249 1067 280 1096 (Ie
302 1067 374 1103 sino.
399 1065 466 1093 mir.
490 1071 541 1102 que
565 1063 596 1090 in
619 1058 731 1089 mundo
749 1056 890 1086 habentur
915 1059 943 1083 et
966 1057 1033 1082 ante
1050 1050 1263 1091 praefationem
1288 1056 1338 1087 ge-

202 1117 323 1147 nuinam
347 1114 509 1154 (praecedit
532 1111 693 1151 spuriam):
722 1108 751 1138 C.
769 1107 840 1137 Iulii
856 1106 953 1135 Solinz'
974 1104 1132 1144 polz'lzystor
1155 1101 1188 1131 ab
1212 1103 1272 1139 ipso
1297 1099 1339 1128 ecl.

202 1175 226 1199 et
257 1177 311 1197 rec.
336 1167 367 1196 de
395 1168 453 1195 sicu
476 1174 502 1194 o.
526 1170 544 1194 t.
572 1169 596 1192 et
621 1162 652 1191 de
675 1171 696 1190 s.
721 1161 787 1189 mir.
820 1168 871 1197 que
911 1156 974 1186 hab.
1005 1157 1036 1184 in
1066 1164 1097 1183 eo
1129 1153 1200 1182 liber
1228 1153 1341 1191 primus

204 1221 305 1258 incipit
327 1217 467 1256 selz'citer;
491 1213 686 1252 subscriptio:
714 1211 744 1241 C.
761 1210 784 1241 I.
802 1210 831 1239 S.
854 1208 1013 1248 polihystor
1037 1206 1069 1235 tle
1084 1207 1141 1234 situ
1167 1213 1192 1233 0.
1216 1208 1236 1231 t.
1261 1207 1285 1231 et
1310 1202 1341 1231 cle

204 1281 226 1301 s.
251 1280 288 1299 m.
313 1278 363 1308 que
387 1270 418 1297 in
440 1267 547 1297 mundo
570 1265 720 1295 habentur.

217 1321 300 1353 6843
324 1328 399 1349 saec.
424 1317 473 1347 XV
497 1316 640 1347 exeuntis.
684 1311 880 1350 subscriptio:
911 1309 1027 1349 emplicic
1050 1308 1081 1345 Ῐῖ.
1109 1306 1141 1336 G.
1166 1305 1225 1335 Iuli
1248 1304 1343 1334 Solz'm'

206 1372 372 1413 gramatio&
397 1369 532 1408 sequitur
554 1366 714 1397 laterculus
738 1363 945 1403 capitulorum.

213 1425 296 1455 7230
320 1432 395 1452 sace.
424 1421 466 1456 X,
491 1420 562 1450 liber
585 1419 678 1448 sancti
700 1417 822 1449 De‘onisi‚
847 1422 935 1452 quam
965 1410 1112 1449 originem
1145 1412 1263 1447 praeter
1296 1406 1343 1435 in-

206 1475 399 1514 scriptionem
423 1476 571 1502 testantur
600 1474 658 1498 tam
683 1466 899 1507 praescriptum
928 1468 1111 1503 praeceptum
1135 1458 1292 1497 Dayobertz‘
1315 1457 1346 1485 [Ie

207 1527 340 1565 suyilivis
363 1525 400 1554 all
423 1523 564 1553 ecclesiam
586 1521 679 1550 sancti
703 1519 837 1557 Dionysii
869 1524 957 1554 quam
991 1513 1078 1543 index
1111 1519 1209 1540 rerum
1234 1508 1346 1547 pretio-

208 1586 307 1608 sarum
326 1577 355 1605 in
381 1576 439 1604 [ine
463 1563 593 1603 adiectus
609 1571 664 1601 sub
688 1570 789 1600 titulo:
814 1568 860 1598 hec
877 1568 980 1605 accepit
999 1565 1060 1594 Oclo
1082 1572 1136 1592 rea)
1159 1562 1190 1591 de
1215 1561 1346 1590 thesauro

209 1630 301 1659 sancti
327 1628 469 1667 Dyonisiz'.
505 1623 645 1654 Salmasio
678 1621 769 1650 codex
803 1619 910 1648 dicitur
942 1616 1028 1645 modo
1055 1611 1218 1644 ‘secundus
1250 1611 1348 1649 regius

210 1679 265 1721 (sic
289 1689 356 1709 eum
379 1677 507 1717 appellat
535 1675 569 1704 ad
594 1684 623 1713 p.
640 1675 670 1708 2,
687 1674 727 1703 20
752 1672 845 1701 citans
870 1667 1100 1701 incenatum),
1125 1664 1212 1693 modo
1232 1657 1348 1701 ‘regius

212 1725 353 1771 optimus'
373 1729 428 1767 (sic
444 1728 478 1757 ad
496 1737 524 1766 p.
541 1727 610 1760 140,
630 1727 643 1755 1
670 1723 749 1753 verb.
766 1730 868 1761 supero
881 1719 1067 1759 saginatum),
1092 1723 1270 1755 quamquam
1295 1713 1349 1742 sub

212 1784 266 1812 hac
295 1780 492 1821 appellatione
521 1778 697 1817 plerumque
730 1773 880 1803 Parisinus
910 1771 993 1802 6810
1019 1773 1120 1799 noster
1151 1767 1176 1796 P
1204 1765 1351 1795 laudatur.

213 1834 305 1865 codex
329 1833 363 1862 ad
387 1831 545 1861 editionem
569 1829 646 1858 hanc
669 1826 790 1856 alteram
815 1832 956 1853 excussus
979 1826 1023 1850 est
1046 1820 1152 1849 missus
1170 1817 1351 1847 Berolinum.

214 1886 325 1925 optime
349 1883 476 1921 scriptus
500 1885 559 1914 est,
590 1878 640 1908 sed
672 1878 701 1907 in
730 1881 814 1916 parte
839 1879 968 1904 extrema
999 1872 1120 1901 madore
1143 1870 1261 1907 situque
1285 1876 1353 1897 cor-

215 1941 334 1975 rupttrs:
359 1934 471 1964 scilicet
494 1941 508 1961 a
533 1941 560 1970 p.
587 1931 663 1964 174,
692 1930 729 1959 12
753 1932 873 1956 mortem
898 1925 931 1953 ad
956 1933 986 1962 p.
1012 1923 1090 1957 180,
1115 1923 1133 1952 9
1158 1920 1267 1959 yloriae
1292 1928 1351 1947 non

215 1996 308 2027 pauca
331 1988 533 2020 evanuerunt;
558 1982 656 2011 deficit
673 1979 780 2009 deinde
804 1977 916 2009 solium,
942 1985 1000 2013 quo
1023 1970 1354 2012 comprehendebantur

216 2049 245 2079 p.
272 2039 345 2073 180,
369 2038 387 2068 9
417 2044 513 2066 omnes
618 2032 698 2062 rubr.
734 2041 762 2070 p.
786 2030 858 2063 231,
890 2034 899 2057 t
928 2027 959 2056 de
990 2025 1096 2055 Indicis
1126 2020 1354 2055 harwzdim'bus:

218 2089 372 2128 sequentia
395 2087 476 2117 rubr.
502 2096 530 2125 p.
554 2086 660 2120 231‚u
690 2083 721 2111 de
751 2079 904 2111 arboribus
929 2101 935 2107 .
1042 2076 1118 2111 188,
1142 2074 1160 2105 8
1182 2071 1354 2112 protrahunt

220 2150 324 2170 rursus
348 2138 454 2178 passim
480 2138 577 2172 hiant:
608 2135 675 2165 inde
699 2133 735 2162 ad
758 2142 786 2171 p.
807 2130 881 2166 198,
901 2130 918 2160 3
947 2137 1038 2158 aratos
1061 2131 1171 2155 centum
1199 2122 1271 2152 nibil
1295 2122 1354 2150 scre

220 2191 405 2230 agnoseitur3
433 2199 447 2217 a
472 2198 499 2227 p.
518 2188 617 2222 19853
641 2185 716 2215 redit
740 2183 935 2221 aliquatenus,
959 2179 1010 2209 sed
1035 2177 1141 2217 passim
1166 2174 1291 2204 hiulcus.
1315 2188 1354 2192 —
