1593 2409
276 561 346 597 ΙΙΙ.
390 551 622 595 CODICVM
648 541 871 586 OLASSES
900 536 1047 577 TRES.

120 667 294 700 Accedimus
318 663 352 692 ad
371 659 574 699 quaestionem
598 654 633 683 de
651 649 803 681 codicibus
819 644 924 680 Solini,
948 651 1023 680 quos
1040 638 1127 668 modo
1144 632 1296 665 recensui-

36 733 111 758 mus,
137 724 216 750 recte
232 713 427 747 aestimandis,
452 709 559 739 variam
579 713 642 735 eam
659 707 687 733 et
710 710 764 740 pro
788 696 879 728 libelli
903 693 1048 724 tenuitate
1072 689 1141 719 satis
1165 684 1297 724 implica-

37 781 106 806 tam.
130 781 194 802 eam
207 770 246 799 ita
259 766 457 798 instituemus,
474 765 507 790 ut
518 760 575 789 hoc
592 755 687 795 capite
703 757 763 782 tres
776 750 920 779 librorum
939 744 1059 774 ordines
1075 739 1299 776 distinguamus,

40 833 167 866 quorum
191 820 285 860 quivis
306 826 358 848 sua
381 814 484 844 merita
507 817 635 847 suosque
660 813 767 835 naevos
790 799 904 833 habeat,
929 797 958 826 in
983 792 1107 833 singulis
1130 794 1227 820 autem
1254 795 1301 815 01·-

42 878 159 909 dinibus
190 869 339 912 quomodo
370 865 437 897 libri
466 874 482 894 a
512 860 598 892 nobis
628 855 750 887 adhibiti
785 854 864 883 inter
893 858 924 879 se
962 850 1012 876 aut
1044 841 1224 874 conveniant
1254 843 1304 866 aut

43 930 182 961 differant
211 921 422 963 expendamus.
452 933 490 937 —-
523 910 656 943 Cuiusvis
688 905 801 937 ordinis
831 898 1007 939 exemplaria
1030 893 1183 933 complura
1207 894 1305 919 extare

45 991 60 1012 a
92 979 178 1011 nobis
211 975 317 1006 reiecta
352 973 509 1010 propterea
538 962 615 1003 quod
651 958 779 990 adhibita
809 952 963 985 sufficiunt
989 947 1112 984 aliisque
1146 939 1308 979 adsumptis

46 1030 201 1064 inutilibus
230 1024 344 1056 mendis
374 1016 577 1051 tantummodo
608 1014 764 1052 apparatus
794 1009 953 1043 angeatur,
990 996 1150 1028 ostendent
1184 992 1240 1023 loci
1280 991 1309 1025 ii,

49 1085 84 1115 ad
109 1091 183 1122 quos
206 1077 338 1109 omnium
363 1072 433 1103 mihi
457 1074 598 1100 notorum
621 1063 756 1093 codicum
780 1057 938 1087 lectionem
961 1047 1132 1090 speciminis
1150 1054 1237 1075 causa
1261 1043 1310 1072 ad-

50 1136 114 1166 ieci.
166 1136 236 1162 sunt
261 1131 413 1168 praeterea
442 1122 521 1151 inter
544 1117 660 1148 codices
691 1113 816 1142 reiectos
846 1116 906 1136 non
938 1101 1024 1143 pauci
1052 1098 1155 1137 scripti
1177 1093 1313 1136 pluribus

53 1182 270 1223 exemplaribus
299 1175 436 1208 adhibitis
467 1173 565 1210 itaque
596 1176 657 1197 non
681 1164 777 1194 solum
802 1158 938 1192 inutiles,
968 1153 1017 1184 sed
1049 1151 1135 1181 etiam
1166 1145 1312 1187 praevari-

54 1242 164 1269 cantes.
204 1242 273 1264 nam
289 1225 500 1261 contaminatio
516 1222 562 1251 vix
579 1221 608 1249 in
625 1217 685 1248 ullo
710 1222 813 1245 eorum
832 1210 882 1249 qui
906 1207 1068 1245 supersunt
1084 1204 1206 1231 auctore
1229 1197 1315 1227 latius

56 1291 184 1329 grassata
209 1288 252 1315 est
275 1290 361 1322 quam
386 1279 415 1308 iu
441 1275 553 1306 Solino.
