1593 2409
787 72 836 98 XL

313 157 515 192 motabilium,
545 162 614 186 ante
642 158 856 196 praefationem
887 158 1061 196 genuinam:
1097 158 1168 188 lut-iz·
1196 159 1292 189 Solz'ui
1318 159 1440 190 collectio

314 217 370 237 rer.
402 217 484 237 mem.
534 208 614 237 adest
645 209 787 247 praefatio
818 209 917 248 spuria
948 209 1103 248 inscripta:
1135 212 1165 239 in
1193 210 1299 240 Christi
1324 212 1440 240 nomine

316 260 416 297 incipit
439 259 557 297 epistola
583 259 649 289 Gaii
671 259 694 289 I.
719 259 747 289 S.
773 260 811 289 acl
832 259 1029 290 Herrenm'um
1052 266 1210 296 oratorem,
1234 261 1302 290 item
1327 261 1355 290 iu
1381 262 1440 290 fine

314 308 402 338 libelli
427 318 545 338 carmen
574 309 676 349 Tetltya
699 320 860 341 marmoreo
884 311 960 349 (vide
984 320 1012 349 p.
1029 310 1115 350 233).
1160 311 1269 341 inserta
1298 316 1341 341 est
1371 317 1439 341 ante

313 360 438 389 indicem
459 360 656 399 capitulorum
675 362 769 400 imago
787 362 890 396 Solini,
915 362 982 391 item
1001 366 1068 391 ante
1086 362 1181 400 ipsum
1198 361 1327 391 libellum
1344 363 1438 391 forma

313 411 454 449 quaedam
475 411 556 441 urbis
573 412 690 447 Romae,
715 413 744 441 in
769 422 825 451 qua
850 418 1016 442 cernuntur
1039 413 1184 451 adscripta
1207 412 1252 441 vel
1275 412 1438 451 subscripta

315 461 407 491 Roma
422 480 463 483 —
485 461 577 492 Vitari
593 466 676 502 patri
696 480 737 485 -—
753 464 899 502 sepultura
922 463 1041 493 Traiani
1063 481 1102 484 —
1119 465 1272 502 tre'yeim'ua
1292 468 1376 502 porta
1398 481 1440 485 ψ-

313 513 472 542 Aventinus
493 523 576 543 mom·
597 531 637 535 ·—
663 514 769 544 Pateon
793 531 829 534 —
855 524 939 544 arcus
967 514 1150 553 triumphalis
1179 532 1218 536 —
1250 523 1345 543 carcer
1367 513 1441 543 beata·

315 563 394 592 Petri
422 569 448 594 et
473 564 559 594 Paule·
588 566 662 604 quod
689 566 794 594 (licitur
815 565 963 595 Iulianum
986 582 1027 586 —-
1050 565 1276 594 naumacharum
1300 582 1341 586 -—-
1364 564 1439 594 basi-

314 614 368 644 lica
392 613 469 644 Iovis
493 632 532 636 —-
556 616 693 655 temptum
709 616 850 655 Apollinis
872 634 913 638 —-
936 626 1017 645 mons
1040 626 1145 645 aureus
1169 634 1209 637 ——
1229 618 1325 654 passio
1347 619 1441 646 sancti

314 665 400 695 Petri.

185 716 224 746 62
248 715 460 746 Ambrosianus
485 717 506 746 D
524 718 564 749 36
591 718 643 746 inf.
660 726 734 747 saec.
751 716 810 746 XV.
848 718 1016 756 inscriptio:
1044 716 1111 747 Gaii
1126 717 1382 756 Solim‘polihistor
1397 718 1436 748 si-

312 767 447 806 milisque
463 767 651 806 subscriptio.
690 768 771 797 adest
787 769 926 806 praefatio
944 769 1052 807 spuria.
1091 769 1318 798 commentarius
1334 769 1442 799 divisus

313 824 357 848 est
379 819 407 847 in
434 817 533 848 libros.

186 871 225 901 63
260 869 473 898 Ambrosianus
504 869 526 898 E
562 871 618 900 151
652 879 716 907 sup.
747 879 823 899 saec.
853 870 926 899 xlv.
962 870 1130 908 inscriptio:
1173 870 1201 900 C.
1232 870 1303 900 Iulii
1324 869 1443 899 Solinus

311 922 487 958 gramaticus
515 920 681 958 polihistori
714 920 748 950 ab
777 923 837 960 ipso
867 922 957 951 editus
986 926 1010 950 et
1039 930 1093 950 rec.
1122 921 1153 950 de
1182 923 1238 950 situ
1268 931 1294 950 o.
1317 926 1336 950 t.
1361 926 1386 950 et
1411 921 1443 950 de

313 981 334 1000 s.
359 973 425 1000 mir.
451 981 475 1010 q.
500 973 531 1000 in
555 981 593 1000 m.
617 971 773 1011 liabentur3
803 971 981 1010 subscriptio
1010 971 1228 1001 Theodosiana:
1264 971 1288 1002 I.
1311 971 1341 1001 S.
1365 972 1442 1011 ewpl.

312 1027 345 1052 st.
372 1028 397 1052 et
420 1022 468 1052 dit.
492 1023 612 1061 dompni
636 1021 685 1051 Th.
710 1025 768 1052 inv.
791 1032 838 1062 pr.
863 1023 943 1052 adest
967 1023 1108 1060 praefatio
1132 1023 1241 1061 spuria.

186 1073 226 1104 64
251 1073 467 1103 Ambrosianus
489 1073 511 1103 1.
537 1073 596 1104 118
620 1083 685 1111 sup.
709 1074 837 1112 seriptus
860 1083 884 1102 a.
908 1074 986 1104 1469
1003 1083 1019 1103 a
1036 1073 1178 1111 Gregorio
1204 1074 1383 1113 Hyadertiuo
1406 1074 1442 1104 de

317 1125 439 1154 Pasiuis.
485 1124 639 1162 inscriptio
664 1124 886 1163 etsubscriptio
911 1125 999 1154 nulla.
1051 1125 1191 1163 praefatio
1215 1125 1314 1164 spuria
1331 1125 1442 1155 adiecta

316 1180 359 1205 est
392 1176 420 1205 in
446 1176 504 1205 fine
528 1175 686 1205 voluminis
708 1176 848 1214 inscripta
877 1175 907 1205 C.
931 1175 953 1205 Ι.
978 1176 1006 1205 S.
1031 1175 1154 1206 Herem'o
1177 1178 1290 1206 oratori
1309 1176 1438 1206 salutem.

272 1226 404 1256 MONTE
431 1226 588 1256 CASSINO

137 1276 160 1305 C
189 1278 229 1308 65
255 1287 284 1306 n.
302 1278 359 1308 391
382 1278 476 1315 (antea
491 1277 563 1313 841)
578 1286 653 1306 saec.
666 1276 705 1305 xl
718 1278 852 1306 exeuntis
869 1278 963 1307 iudice
976 1278 1111 1307 Sickelio.
1135 1283 1201 1316 post
1214 1278 1442 1317 capitumlater-

319 1328 417 1357 culum
443 1333 470 1357 et
494 1328 648 1367 epistulam
672 1328 843 1366 inscriptam
866 1328 983 1358 Solinus
998 1329 1122 1358 Advento
1145 1329 1265 1359 salutem
1289 1330 1347 1366 (cui
1371 1329 1442 1359 sub-

318 1379 464 1417 scriptum
494 1388 509 1407 a
539 1388 629 1408 manu
658 1379 769 1409 recenti
799 1379 914 1418 explicit
940 1379 1088 1419 prologus)
1120 1380 1235 1409 libellus
1263 1380 1367 1419 legitur
1396 1381 1442 1410 in-

314 1430 477 1469 scriptione
496 1430 616 1468 antiqua
633 1430 712 1459 nulla
729 1436 844 1464 (manus
861 1440 967 1460 recens
982 1431 1187 1469 praescripsit:
1212 1433 1311 1470 incipit
1326 1431 1443 1462 Solinus

315 1482 346 1510 (Ie
370 1481 554 1520 polystoriis).
600 1480 733 1509 libellum
762 1482 896 1519 sequitur
920 1482 1043 1520 epistula
1067 1482 1206 1520 inscripta
1230 1482 1367 1512 Feramen
1389 1493 1444 1513 rea:

313 1532 352 1561 ad
379 1532 540 1561 Adrz‘amtm
574 1534 774 1571 imperatorem
810 1532 956 1571 incipiens
990 1534 1066 1562 inter
1098 1533 1300 1571 Babyloniam,
1336 1534 1442 1564 finiens

313 1592 422 1622 semper
437 1585 515 1612 vivat
532 1583 666 1619 (similem
688 1583 841 1620 epistulam
860 1583 937 1621 regis
954 1583 1107 1613 Premonis
1124 1584 1156 1612 ad
1175 1584 1331 1613 Traianum
1349 1585 1439 1614 Trau-

314 1634 379 1664 bius
402 1643 448 1663 me
472 1633 630 1671 docuitlex
654 1633 755 1663 codice
771 1634 1013 1671 Argentoratensi
1038 1644 1112 1664 saec.
1131 1635 1194 1664 Vll!
1218 1636 1323 1665 editam
1347 1646 1409 1665 esse
1426 1646 1440 1665 a

314 1685 422 1714 Graffio
446 1685 475 1714 in
500 1684 647 1714 Diutiscae
667 1684 723 1713 vol.
741 1686 759 1714 2
777 1694 801 1713 a.
821 1685 901 1715 1827
926 1695 953 1723 p.
980 1686 1060 1723 194).
1106 1686 1174 1715 huic
1204 1686 1344 1724 epistulae
1371 1686 1441 1716 sub-

313 1736 456 1774 scriptum
487 1740 544 1764 est:
574 1736 691 1774 eaeplicit
722 1735 793 1764 liber
816 1735 941 1765 Solinus.
994 1745 1067 1774 quae
1092 1736 1179 1765 habet
1210 1737 1300 1766 codex
1331 1738 1441 1768 adiecta

312 1796 401 1815 manu
427 1787 590 1825 posteriore
620 1795 711 1825 pauca
742 1791 771 1815 et
800 1786 863 1815 fere
895 1786 1007 1815 inutilia
1038 1796 1103 1815 raro
1134 1787 1323 1817 invenientur
1352 1789 1440 1818 relata

312 1837 342 1866 in
366 1842 555 1876 apparatum,
578 1841 611 1866 ut
634 1838 683 1871 20,
710 1839 722 1867 1
746 1834 842 1878 pycta]
862 1842 946 1876 poeta
962 1855 1003 1859 -
1019 1839 1069 1871 46,
1087 1838 1105 1868 9
1129 1839 1274 1876 conducto]
1291 1841 1441 1869 coniuncto

312 1889 359 1925 (ex
377 1889 440 1917 cod.
458 1888 493 1917 cl.
511 1888 557 1925 ll.)
574 1905 615 1909 —
632 1889 681 1923 47,
709 1890 721 1918 1
741 1888 864 1926 argenti]
888 1893 1004 1927 argento
1028 1889 1109 1923 (item
1134 1899 1167 1918 ex
1192 1890 1256 1918 cod.
1273 1890 1308 1919 cl.
1325 1890 1383 1928 IL).
1400 1908 1440 1912 -—

313 1939 460 1969 Adhaeret
484 1948 498 1968 a
523 1939 701 1977 glutinatore
735 1938 872 1968 adiuncta
904 1944 1031 1969 extrema
1062 1949 1131 1978 pars
1160 1940 1269 1970 codicis
1298 1941 1442 1971 Soliniaui

315 1990 450 2026 alterius,
483 1999 569 2028 quem
600 1989 690 2018 fuisse
720 1989 819 2019 classis
850 1990 996 2020 secundae
1022 1990 1165 2029 reliquiae
1189 1991 1366 2027 ostendunt,
1397 1992 1442 2021 in-

315 2041 429 2080 cipieus
458 2051 487 2080 p.
513 2043 584 2075 215,
609 2041 627 2070 2
651 2050 757 2078 moytia
781 2043 876 2079 copia,
907 2042 1014 2071 finiens
1037 2042 1066 2071 in
1091 2042 1255 2081 qualitatem
1282 2051 1348 2071 cum
1371 2043 1441 2072 sub-

316 2092 497 2131 scriptione:
532 2091 603 2121 Iulz'z'
637 2091 733 2121 Solim'
766 2092 886 2122 collectio
922 2101 1019 2122 rerum
1053 2092 1281 2122 memorabilium
1315 2093 1441 2132 eccplicz't.

314 2144 449 2182 sequitur
471 2152 589 2173 carmen
617 2141 720 2181 Teehya
743 2152 903 2173 marmoreo
926 2143 1002 2180 (vide
1026 2153 1053 2182 p.
1078 2144 1167 2180 233),
1198 2143 1304 2174 deinde
1327 2153 1442 2174 cosmo-
