1593 2409
668 62 729 89 XCI

73 160 215 191 vocabulo
240 157 317 197 quod
342 160 385 186 est
408 155 489 194 idque
511 153 564 182 alia
588 151 856 183 substituerentnr;
880 146 906 175 id
932 143 1124 174 nihilominus
1148 139 1335 169 retinuerunt

74 212 141 242 libri
176 210 275 240 classis
311 206 459 237 secundae
494 204 717 234 manifestantes
757 201 794 229 ita
831 196 1109 234 interpolationem,
1150 193 1336 220 mutaverunt

75 263 192 293 codices
225 260 325 290 classis
355 258 456 288 tertiae
486 253 713 293 interpolatione
749 255 842 281 aucta.
902 248 974 277 alter
1008 246 1091 275 locus
1121 253 1148 282 p.
1173 243 1250 276 219,
1276 242 1294 271 3
1319 249 1336 268 α

81 314 246 344 Calidoniae
268 310 474 351 promunturio
499 330 505 335 .
531 328 538 336 .
563 328 569 335 .
596 328 602 335 .
625 306 664 335 29
692 302 909 333 matrimonium
939 297 1015 327 nulli
1043 297 1071 325 in
1104 294 1203 323 classis
1234 291 1338 320 tertiae

77 365 159 395 libris
191 363 352 393 collocatur
376 366 442 399 post
470 357 576 392 verba,
608 365 682 394 quae
713 352 909 391 interpolator
933 359 986 388 pro
1011 346 1147 386 genuinis
1170 354 1199 383 p.
1226 345 1295 375 102,
1320 342 1339 371 2

80 416 178 446 nullus
202 416 259 444 dies
282 412 431 443 substituit
457 410 514 439 dies
536 408 604 438 adeo
627 406 781 437 conductus
810 408 841 432 uc
865 406 945 431 ortus
968 402 1083 428 iunctus
1109 399 1144 426 sic
1168 400 1192 424 et
1216 402 1341 427 occasus,

81 477 174 506 eaque
196 467 356 495 verborum
381 461 525 492 ordinatio
551 462 630 488 certe
654 456 784 493 intellegi
807 458 922 493 potest;
952 455 1054 481 contra
1083 449 1113 478 in
1137 447 1220 476 libris
1243 444 1343 474 elassis

81 518 229 549 secundae
260 524 374 546 comma
408 523 422 542 a
454 511 550 541 verbis
579 509 678 539 nullus
700 508 764 545 (sic)
788 511 821 536 ut
844 509 924 535 ortus
953 502 986 531 ad
1017 500 1238 531 matrz'mom'um
1268 495 1345 525 nulli

82 571 244 600 collocatur
261 568 289 597 in
307 567 398 604 stirpe
421 564 519 597 attera,
536 561 649 591 scilicet
672 560 700 588 in
717 558 799 588 libris
817 557 890 590 LGQ
916 560 943 584 et
962 552 1120 592 plerisque,
1145 554 1212 579 ante
1238 548 1307 581 102,
1326 548 1345 577 4

85 623 231 655 circuitus,
257 620 286 648 in
313 617 412 652 altera,
441 614 553 644 scilicet
576 613 604 642 in
630 611 732 641 codice
756 609 804 644 M,
828 613 896 637 ante
924 607 993 640 102,
1014 607 1025 636 l
1053 604 1225 634 transitum,
1250 599 1288 628 ita
1314 602 1345 627 ut

86 678 211 711 utroque
243 671 307 700 loco
339 666 554 698 sententiarum
587 663 721 693 ordinem
756 660 830 689 male
861 659 1056 695 interrumpat
1082 659 1110 684 et
1133 652 1278 682 emblema
1302 649 1346 678 vel

86 725 147 763 ipsa
173 721 329 751 verborum
352 717 564 749 consecutione
588 719 617 744 et
640 713 714 743 male
739 710 922 751 praescripto
945 706 1087 737 vocabulo
1111 704 1210 734 nullus
1233 702 1300 741 (fnit
1316 702 1346 730 in

87 775 247 813 archetypo
272 773 330 802 dies
352 769 451 800 mellus
474 768 543 797 adeo
567 765 732 801 conductus)
756 772 819 792 sese
843 761 958 800 prodat.
1000 758 1127 795 deniqne
1151 755 1348 784 additamenta

86 826 256 856 Britannica
274 823 408 853 ordinem
426 818 577 849 relationis
594 816 668 846 male
688 814 824 848 turbant;
848 821 880 841 ea
897 812 975 841 enin]
999 811 1022 839 si
1041 807 1230 842 admittimus7
1254 805 1350 843 agitur

88 878 216 917 primum
240 875 276 904 (le
300 873 394 904 insula
419 871 528 910 Thyle,
559 869 664 898 deinde
689 867 724 896 de
748 865 852 895 insulis
875 864 954 892 inter
976 859 1159 891 Britanniam
1184 863 1213 887 et
1236 856 1349 895 Thylen

90 928 243 959 Ebudibus
269 930 297 956 et
317 923 491 957 Orcadibus,
516 930 584 951 mox
608 920 714 949 iterum
739 917 773 946 de
798 915 889 955 Thyle
914 918 943 944 et
965 913 1000 942 de
1023 912 1096 942 mari
1120 910 1195 940 ultra
1219 907 1351 946 Thylen3
1378 937 1380 939 ,

91 980 191 1010 eiectis
209 979 243 1008 iis
266 977 379 1007 tollitur
402 979 431 1004 et
453 973 561 1012 duplex
585 972 620 1000 de
637 969 728 1008 Thyle
751 967 878 997 narratio
904 970 933 995 et
957 972 1114 1004 perversus
1137 968 1314 1000 progressus
1337 967 1352 986 a

93 1030 184 1070 Thyle
198 1029 232 1059 ad
247 1028 377 1058 Orcades
390 1031 418 1056 et
434 1029 513 1054 recte
531 1022 627 1052 omnia
642 1020 808 1060 procedunt
820 1016 1027 1047 convenientia
1044 1013 1179 1043 relationi
1193 1011 1353 1041 Plinianae.

180 1081 254 1111 Vitia
279 1088 397 1118 qnoque
423 1075 564 1106 classibus
588 1073 682 1103 tribus
706 1070 873 1100 communia
902 1069 1032 1098 refutant
1062 1064 1250 1104 opinionem,
1281 1069 1355 1099 quae

95 1134 189 1163 adhuc
206 1131 345 1166 obtinuit⁷
369 1128 499 1158 libellum
517 1126 561 1155 bis
577 1125 612 1154 ab
630 1127 751 1153 auctore
775 1121 885 1151 editum
909 1128 973 1149 esse
997 1122 1025 1146 et
1048 1116 1202 1153 utriusque
1219 1112 1356 1143 editionis

96 1183 272 1223 exemplaria
299 1182 332 1211 ad
358 1190 413 1210 nos
436 1178 614 1218 pervenisse.
664 1183 731 1204 nan]
762 1180 940 1212 quamquam
971 1168 1090 1198 alterius
1119 1164 1270 1204 archetypi
1295 1173 1355 1193 non

95 1237 236 1267 habemus
271 1234 327 1263 nisi
351 1232 457 1261 variam
490 1229 647 1258 lectionem
678 1225 851 1264 imperfecte
889 1225 1052 1255 enotatam,
1089 1218 1278 1247 adnotatores
1308 1224 1358 1243 eos

97 1287 237 1318 credibile
262 1294 322 1315 non
353 1288 397 1313 est
419 1287 463 1312 tot
492 1280 564 1310 locis
588 1287 705 1308 errores
734 1277 861 1306 intactos
890 1272 1053 1311 reliquisse,
1078 1274 1150 1308 quot
1174 1268 1250 1297 infra
1281 1266 1358 1295 vide-

96 1339 193 1369 bimus
221 1347 253 1366 ex
287 1336 446 1374 archetypo
471 1330 621 1362 communi
646 1329 737 1358 libros
762 1336 866 1357 omnes
890 1323 1089 1362 occupavisse.

186 1389 319 1426 Denique
343 1384 480 1416 editionis
497 1382 643 1413 secundae
665 1380 737 1410 ratio
755 1384 784 1408 et
800 1376 952 1407 adornatio
969 1381 1026 1404 tam
1045 1380 1181 1412 perversa
1201 1376 1252 1409 cst,
1277 1373 1309 1397 ut
1326 1367 1361 1396 ad

100 1443 197 1481 ipsum
214 1445 364 1469 auctorem
387 1437 455 1466 licet
471 1434 619 1474 plebeium
637 1438 665 1461 et
688 1431 808 1460 minime
830 1427 1017 1467 ingeniosum
1041 1424 1120 1454 nullo
1146 1422 1232 1451 modo
1257 1419 1361 1449 referri

101 1493 205 1532 possit.
235 1489 405 1528 recognitor
422 1487 555 1516 libellum
570 1484 715 1514 simulans
727 1481 839 1511 auctori
852 1479 1027 1516 subreptum
1046 1485 1109 1504 esse
1129 1475 1213 1503 etiam
1234 1477 1295 1501 tum
1309 1471 1363 1499 im-

103 1544 268 1583 perfectum
285 1540 378 1570 sensit
401 1537 513 1577 requiri
536 1537 593 1565 iam
611 1536 639 1564 in
657 1533 786 1563 editione
806 1531 895 1560 altera
918 1537 1016 1558 rerum
1042 1526 1155 1564 copiam
1181 1529 1306 1556 auctam,
1332 1522 1363 1551 in

105 1594 288 1634 praefatione
300 1592 452 1631 professus
471 1589 581 1618 adiecta
601 1595 664 1615 esse
683 1593 753 1624 (lusce
771 1583 808 1612 acl
828 1584 1034 1612 incrementum
1053 1578 1222 1616 coym'tionz's
1241 1583 1364 1604 accesse-

104 1651 175 1676 runt
205 1654 274 1675 cura
304 1644 440 1681 Ionyiore.
492 1645 520 1669 at
547 1639 605 1667 hoc
628 1636 808 1676 promissum
838 1633 861 1662 si
892 1640 1043 1669 comparas
1067 1638 1133 1658 cum
1161 1624 1367 1656 additamentis

105 1707 172 1727 vere
196 1695 321 1735 repertis
344 1695 373 1723 in
399 1691 536 1722 editionis
559 1689 678 1719 alterius
702 1685 862 1719 codicibus,
891 1689 923 1713 ut
946 1692 978 1711 ea
1003 1681 1101 1710 onmia
1125 1679 1160 1708 ab
1185 1678 1288 1707 eodeni
1314 1677 1366 1704 ho-

108 1749 186 1778 mine
202 1747 331 1783 veniant7
348 1746 376 1775 id
393 1744 471 1783 qnod
490 1749 676 1781 nequaquam
693 1743 805 1768 certum
820 1741 872 1771 est,
890 1743 988 1765 rernm
1006 1731 1207 1769 cognitionem
1220 1738 1289 1758 vere
1307 1736 1367 1756 non

109 1804 218 1839 augent
234 1799 289 1829 nisi
314 1798 344 1827 in
369 1796 458 1825 rebus
482 1791 661 1823 Britannicis
678 1799 774 1828 neque
791 1787 932 1818 credibile
956 1790 1000 1814 est
1017 1785 1111 1824 ipsum
1136 1787 1286 1811 auctorem
1311 1784 1369 1808 tam

110 1852 210 1890 inepte
233 1860 248 1880 a
273 1849 418 1889 promisso
436 1845 600 1876 descivisse.
638 1852 705 1872 vere
722 1840 894 1879 recognitor
909 1837 964 1868 sibi
987 1835 1127 1866 satisfecit
1143 1832 1239 1862 verbis
1262 1830 1370 1870 passim

111 1903 228 1933 mutatis
253 1905 424 1938 mutatoque
448 1897 538 1927 libelli
562 1894 646 1925 titulo
671 1899 699 1922 et.
715 1893 811 1922 addita
828 1889 1011 1930 praefatione
1034 1887 1132 1916 altera.
1172 1889 1201 1913 at
1218 1893 1253 1912 ne
1270 1883 1298 1912 in
1318 1882 1371 1910 hac

113 1954 231 1993 quidem
255 1951 406 1982 adicienda
430 1958 490 1979 rem
515 1945 709 1987 probabiliter
727 1943 870 1978 instituit;
896 1950 962 1970 nam
987 1946 1163 1978 quamquam
1185 1935 1214 1964 in
1233 1935 1292 1963 tine
1309 1933 1372 1962 eins

114 2006 153 2035 ait
176 2014 242 2034 eum
266 2004 313 2034 cui
337 2004 407 2033 haec
431 2001 519 2030 editio
543 1996 716 2028 inscribitur
739 1995 843 2024 eodem
867 1993 932 2022 loco
957 1991 1087 2020 habitum
1112 1997 1174 2018 esse
1193 1991 1280 2024 atque
1306 1992 1372 2012 euni

117 2056 163 2086 cui
183 2050 323 2085 ‘laboris'
345 2054 390 2084 sui
410 2045 589 2082 ‘summam’
609 2053 693 2078 antea
715 2045 913 2080 dedicavisset7
938 2041 1130 2072 nihilominus
1154 2047 1217 2068 eam
1241 2033 1376 2065 inscribit

118 2108 211 2137 eidem
228 2107 369 2141 Advento,
393 2104 440 2133 cui
464 2103 545 2142 prior
568 2101 699 2130 dedicata
721 2102 774 2128 est.
821 2096 849 2126 id
870 2094 1029 2125 absurdum
1053 2101 1116 2121 esse
1136 2092 1293 2120 senscrunt
1317 2086 1335 2114 ii
1361 2094 1375 2113 a

120 2158 227 2197 quibus
252 2157 483 2196 proficiscuntur
505 2153 621 2183 codices
646 2150 735 2180 libelli
758 2148 917 2178 secundam
942 2143 1155 2184 praefationem
1180 2138 1377 2169 inscribentes
