<?xml version="1.0" encoding="UTF-8"?>
<!DOCTYPE html PUBLIC "-//W3C//DTD XHTML 1.0 Transitional//EN"
    "http://www.w3.org/TR/xhtml1/DTD/xhtml1-transitional.dtd">
<html xmlns="http://www.w3.org/1999/xhtml" xml:lang="en" lang="en">
 <head>
  <title>
</title>
<meta http-equiv="Content-Type" content="text/html;charset=utf-8" />
  <meta name='ocr-system' content='tesseract 3.04.00' />
  <meta name='ocr-capabilities' content='ocr_page ocr_carea ocr_par ocr_line ocrx_word'/>
</head>
<body>
  <div class='ocr_page' id='page_1' title='image "./collectanearerum00soliuoft_0149.png"; bbox 0 0 1593 2409; ppageno 0'>
   <div class='ocr_carea' id='block_1_1' title="bbox 817 112 856 140">
    <p class='ocr_par' dir='ltr' id='par_1_1' title="bbox 817 112 856 140">
     <span class='ocr_line' id='line_1_1' title="bbox 817 112 856 140; baseline 0 0"><span class='ocrx_word' id='word_1_1' title='bbox 817 112 856 140; x_wconf 84' lang='lat'>37</span> 
     </span>
    </p>
   </div>
   <div class='ocr_carea' id='block_1_2' title="bbox 6 190 1584 1012">
    <p class='ocr_par' dir='ltr' id='par_1_2' title="bbox 6 190 1584 1012">
     <span class='ocr_line' id='line_1_2' title="bbox 126 190 1584 243; baseline -0.012 -6"><span class='ocrx_word' id='word_1_2' title='bbox 126 217 183 237; x_wconf 71' lang='lat' dir='ltr'>mu.</span> <span class='ocrx_word' id='word_1_3' title='bbox 222 212 234 236; x_wconf 92' lang='lat'>1</span> <span class='ocrx_word' id='word_1_4' title='bbox 259 205 415 235; x_wconf 88' lang='lat' dir='ltr'>muntoriis</span> <span class='ocrx_word' id='word_1_5' title='bbox 445 204 566 243; x_wconf 87' lang='lat' dir='ltr'>pelagus</span> <span class='ocrx_word' id='word_1_6' title='bbox 595 202 718 241; x_wconf 86' lang='lat' dir='ltr'>accipit,</span> <span class='ocrx_word' id='word_1_7' title='bbox 742 200 753 241; x_wconf 88' lang='grc'>11</span> <span class='ocrx_word' id='word_1_8' title='bbox 776 200 832 236; x_wconf 90' lang='lat' dir='ltr'>ibi,</span> <span class='ocrx_word' id='word_1_9' title='bbox 863 203 894 228; x_wconf 91' lang='lat' dir='ltr'>ut</span> <span class='ocrx_word' id='word_1_10' title='bbox 925 198 1008 227; x_wconf 87' lang='lat' dir='ltr'>obvia</span> <span class='ocrx_word' id='word_1_11' title='bbox 1040 197 1164 236; x_wconf 81' lang='lat' dir='ltr'>sparsim</span> <span class='ocrx_word' id='word_1_12' title='bbox 1195 200 1347 231; x_wconf 80' lang='lat' dir='ltr'>notemus,</span> <span class='ocrx_word' id='word_1_13' title='bbox 1385 202 1468 223; x_wconf 87' lang='lat' dir='ltr'>arces</span> <span class='ocrx_word' id='word_1_14' title='bbox 1489 190 1520 227; x_wconf 75' lang='grc'>2,</span> <span class='ocrx_word' id='word_1_15' title='bbox 1544 191 1584 221; x_wconf 81' lang='lat'>22</span> 
     </span>
     <span class='ocr_line' id='line_1_3' title="bbox 36 245 1468 295; baseline -0.012 -5"><span class='ocrx_word' id='word_1_16' title='bbox 36 270 80 290; x_wconf 82' lang='lat' dir='ltr'>PL.</span> <span class='ocrx_word' id='word_1_17' title='bbox 99 262 126 295; x_wconf 81' lang='grc'>3,</span> <span class='ocrx_word' id='word_1_18' title='bbox 143 260 184 291; x_wconf 85' lang='lat'>73</span> <span class='ocrx_word' id='word_1_19' title='bbox 222 264 236 288; x_wconf 86' lang='lat'><strong>2</strong></span> <span class='ocrx_word' id='word_1_20' title='bbox 258 257 446 291; x_wconf 75' lang='lat' dir='ltr'>Tarentinae,</span> <span class='ocrx_word' id='word_1_21' title='bbox 464 254 475 295; x_wconf 93' lang='grc'>11</span> <span class='ocrx_word' id='word_1_22' title='bbox 493 255 629 294; x_wconf 83' lang='lat' dir='ltr'>Scylacea</span> <span class='ocrx_word' id='word_1_23' title='bbox 653 253 734 291; x_wconf 87' lang='lat' dir='ltr'>regio</span> <span class='ocrx_word' id='word_1_24' title='bbox 759 261 828 281; x_wconf 87' lang='lat' dir='ltr'>cum</span> <span class='ocrx_word' id='word_1_25' title='bbox 851 250 984 289; x_wconf 85' lang='lat' dir='ltr'>Scyllaeo</span> <span class='ocrx_word' id='word_1_26' title='bbox 1009 249 1118 288; x_wconf 90' lang='lat' dir='ltr'>oppido</span> <span class='ocrx_word' id='word_1_27' title='bbox 1143 252 1173 277; x_wconf 83' lang='lat' dir='ltr'>ct</span> <span class='ocrx_word' id='word_1_28' title='bbox 1189 246 1321 276; x_wconf 79' lang='lat' dir='ltr'>Crateide</span> <span class='ocrx_word' id='word_1_29' title='bbox 1346 245 1468 274; x_wconf 85' lang='lat' dir='ltr'>flumine</span> 
     </span>
     <span class='ocr_line' id='line_1_4' title="bbox 128 297 1469 348; baseline -0.011 -8"><span class='ocrx_word' id='word_1_30' title='bbox 128 320 185 340; x_wconf 74' lang='grc' dir='ltr'>ιῦΝ.</span> <span class='ocrx_word' id='word_1_31' title='bbox 222 315 236 339; x_wconf 84' lang='grc'><strong>3</strong></span> <span class='ocrx_word' id='word_1_32' title='bbox 260 308 373 348; x_wconf 78' lang='lat' dir='ltr'>Scyllae</span> <span class='ocrx_word' id='word_1_33' title='bbox 403 312 513 342; x_wconf 90' lang='lat' dir='ltr'>matre,</span> <span class='ocrx_word' id='word_1_34' title='bbox 544 310 577 335; x_wconf 90' lang='lat' dir='ltr'>ut</span> <span class='ocrx_word' id='word_1_35' title='bbox 604 307 733 333; x_wconf 87' lang='lat' dir='ltr'>vetustas</span> <span class='ocrx_word' id='word_1_36' title='bbox 762 302 889 331; x_wconf 78' lang='lat' dir='ltr'>fabulata</span> <span class='ocrx_word' id='word_1_37' title='bbox 920 305 978 335; x_wconf 84' lang='lat' dir='ltr'>est,</span> <span class='ocrx_word' id='word_1_38' title='bbox 1003 298 1014 340; x_wconf 93' lang='grc'>11</span> <span class='ocrx_word' id='word_1_39' title='bbox 1032 299 1137 338; x_wconf 81' lang='lat' dir='ltr'>Regini</span> <span class='ocrx_word' id='word_1_40' title='bbox 1168 298 1274 333; x_wconf 82' lang='lat' dir='ltr'>saltus,</span> <span class='ocrx_word' id='word_1_41' title='bbox 1310 297 1469 326; x_wconf 86' lang='lat' dir='ltr'>Paestanae</span> 
     </span>
     <span class='ocr_line' id='line_1_5' title="bbox 224 347 1469 394; baseline -0.012 -4"><span class='ocrx_word' id='word_1_42' title='bbox 224 366 237 390; x_wconf 78' lang='grc'>4</span> <span class='ocrx_word' id='word_1_43' title='bbox 259 360 356 394; x_wconf 81' lang='lat' dir='ltr'>valles,</span> <span class='ocrx_word' id='word_1_44' title='bbox 373 359 513 388; x_wconf 82' lang='lat' dir='ltr'>Sirenum</span> <span class='ocrx_word' id='word_1_45' title='bbox 530 365 606 392; x_wconf 81' lang='lat' dir='ltr'>saxa,</span> <span class='ocrx_word' id='word_1_46' title='bbox 623 353 849 384; x_wconf 84' lang='lat' dir='ltr'>amoenissimus</span> <span class='ocrx_word' id='word_1_47' title='bbox 865 352 1041 390; x_wconf 79' lang='lat' dir='ltr'>Campaniae</span> <span class='ocrx_word' id='word_1_48' title='bbox 1058 355 1179 384; x_wconf 78' lang='lat' dir='ltr'>tractus,</span> <span class='ocrx_word' id='word_1_49' title='bbox 1196 348 1348 387; x_wconf 74' lang='lat' dir='ltr'>Phlegraei</span> <span class='ocrx_word' id='word_1_50' title='bbox 1365 347 1469 386; x_wconf 78' lang='lat' dir='ltr'>campi,</span> 
     </span>
     <span class='ocr_line' id='line_1_6' title="bbox 37 399 1470 452; baseline -0.011 -9"><span class='ocrx_word' id='word_1_51' title='bbox 37 424 80 443; x_wconf 73' lang='lat' dir='ltr'>PL.</span> <span class='ocrx_word' id='word_1_52' title='bbox 98 415 126 449; x_wconf 83' lang='lat'>3,</span> <span class='ocrx_word' id='word_1_53' title='bbox 145 414 183 444; x_wconf 88' lang='lat'>57</span> <span class='ocrx_word' id='word_1_54' title='bbox 221 418 235 441; x_wconf 87' lang='lat'>5</span> <span class='ocrx_word' id='word_1_55' title='bbox 257 410 267 452; x_wconf 95' lang='grc'>11</span> <span class='ocrx_word' id='word_1_56' title='bbox 288 411 388 441; x_wconf 84' lang='lat' dir='ltr'>Circae</span> <span class='ocrx_word' id='word_1_57' title='bbox 412 410 517 439; x_wconf 88' lang='lat' dir='ltr'>domus</span> <span class='ocrx_word' id='word_1_58' title='bbox 532 406 690 437; x_wconf 83' lang='lat' dir='ltr'>Tarracina</span> <span class='ocrx_word' id='word_1_59' title='bbox 714 404 810 434; x_wconf 87' lang='lat' dir='ltr'>insula</span> <span class='ocrx_word' id='word_1_60' title='bbox 834 407 902 433; x_wconf 86' lang='lat' dir='ltr'>ante</span> <span class='ocrx_word' id='word_1_61' title='bbox 925 403 1097 433; x_wconf 77' lang='lat' dir='ltr'>circumflua</span> <span class='ocrx_word' id='word_1_62' title='bbox 1120 402 1256 430; x_wconf 86' lang='lat' dir='ltr'>inmenso</span> <span class='ocrx_word' id='word_1_63' title='bbox 1281 399 1364 434; x_wconf 83' lang='lat' dir='ltr'>mari,</span> <span class='ocrx_word' id='word_1_64' title='bbox 1389 408 1470 428; x_wconf 91' lang='lat' dir='ltr'>nunc</span> 
     </span>
     <span class='ocr_line' id='line_1_7' title="bbox 37 450 1470 501; baseline -0.011 -7"><span class='ocrx_word' id='word_1_65' title='bbox 37 474 80 494; x_wconf 82' lang='lat' dir='ltr'>PL.</span> <span class='ocrx_word' id='word_1_66' title='bbox 99 465 127 501; x_wconf 86' lang='lat'>3,</span> <span class='ocrx_word' id='word_1_67' title='bbox 145 464 184 495; x_wconf 82' lang='lat'>86</span> <span class='ocrx_word' id='word_1_68' title='bbox 222 469 236 492; x_wconf 82' lang='lat'>6</span> <span class='ocrx_word' id='word_1_69' title='bbox 259 472 329 492; x_wconf 90' lang='lat' dir='ltr'>aevo</span> <span class='ocrx_word' id='word_1_70' title='bbox 362 464 499 491; x_wconf 78' lang='lat' dir='ltr'>nectente</span> <span class='ocrx_word' id='word_1_71' title='bbox 528 458 624 488; x_wconf 84' lang='lat' dir='ltr'>addita</span> <span class='ocrx_word' id='word_1_72' title='bbox 660 455 827 486; x_wconf 87' lang='lat' dir='ltr'>continenti</span> <span class='ocrx_word' id='word_1_73' title='bbox 851 452 862 494; x_wconf 93' lang='grc'>11</span> <span class='ocrx_word' id='word_1_74' title='bbox 887 454 1092 491; x_wconf 81' lang='lat' dir='ltr'>diversamque</span> <span class='ocrx_word' id='word_1_75' title='bbox 1123 453 1272 481; x_wconf 79' lang='lat' dir='ltr'>fortunam</span> <span class='ocrx_word' id='word_1_76' title='bbox 1304 460 1319 479; x_wconf 87' lang='lat' dir='ltr'>a</span> <span class='ocrx_word' id='word_1_77' title='bbox 1349 450 1470 488; x_wconf 81' lang='lat' dir='ltr'>Reginis</span> 
     </span>
     <span class='ocr_line' id='line_1_8' title="bbox 37 501 1469 552; baseline -0.01 -7"><span class='ocrx_word' id='word_1_78' title='bbox 37 526 82 545; x_wconf 83' lang='lat' dir='ltr'>PL.</span> <span class='ocrx_word' id='word_1_79' title='bbox 100 517 128 551; x_wconf 89' lang='lat'>3,</span> <span class='ocrx_word' id='word_1_80' title='bbox 146 516 185 545; x_wconf 81' lang='lat'>59</span> <span class='ocrx_word' id='word_1_81' title='bbox 224 520 238 543; x_wconf 85' lang='lat'>7</span> <span class='ocrx_word' id='word_1_82' title='bbox 262 516 400 552; x_wconf 86' lang='lat' dir='ltr'>experta,</span> <span class='ocrx_word' id='word_1_83' title='bbox 433 520 507 550; x_wconf 86' lang='lat' dir='ltr'>quos</span> <span class='ocrx_word' id='word_1_84' title='bbox 536 510 643 539; x_wconf 83' lang='lat' dir='ltr'>fretum</span> <span class='ocrx_word' id='word_1_85' title='bbox 674 507 803 536; x_wconf 87' lang='lat' dir='ltr'>medium</span> <span class='ocrx_word' id='word_1_86' title='bbox 828 515 843 534; x_wconf 90' lang='lat' dir='ltr'>a</span> <span class='ocrx_word' id='word_1_87' title='bbox 867 505 973 535; x_wconf 79' lang='lat' dir='ltr'>Siculis</span> <span class='ocrx_word' id='word_1_88' title='bbox 996 505 1021 533; x_wconf 93' lang='lat' dir='ltr'>vi</span> <span class='ocrx_word' id='word_1_89' title='bbox 1045 503 1178 538; x_wconf 83' lang='lat' dir='ltr'>abscidit,</span> <span class='ocrx_word' id='word_1_90' title='bbox 1195 501 1206 543; x_wconf 94' lang='grc'>11</span> <span class='ocrx_word' id='word_1_91' title='bbox 1224 502 1359 531; x_wconf 85' lang='lat' dir='ltr'>Formiae</span> <span class='ocrx_word' id='word_1_92' title='bbox 1383 501 1469 531; x_wconf 84' lang='lat' dir='ltr'>etiam</span> 
     </span>
     <span class='ocr_line' id='line_1_9' title="bbox 123 552 1470 602; baseline -0.012 -6"><span class='ocrx_word' id='word_1_93' title='bbox 123 575 184 596; x_wconf 64' lang='lat' dir='ltr'>soc.</span> <span class='ocrx_word' id='word_1_94' title='bbox 223 571 236 594; x_wconf 71' lang='lat' dir='ltr'>S</span> <span class='ocrx_word' id='word_1_95' title='bbox 260 562 510 602; x_wconf 85' lang='lat' dir='ltr'>Laestrygonibus</span> <span class='ocrx_word' id='word_1_96' title='bbox 538 560 700 595; x_wconf 84' lang='lat' dir='ltr'>habitatae,</span> <span class='ocrx_word' id='word_1_97' title='bbox 729 557 739 598; x_wconf 92' lang='grc'>11</span> <span class='ocrx_word' id='word_1_98' title='bbox 764 558 855 587; x_wconf 84' lang='lat' dir='ltr'>multa</span> <span class='ocrx_word' id='word_1_99' title='bbox 891 561 1044 596; x_wconf 84' lang='lat' dir='ltr'>praeterea</span> <span class='ocrx_word' id='word_1_100' title='bbox 1084 554 1307 594; x_wconf 83' lang='lat' dir='ltr'>pollentissimis</span> <span class='ocrx_word' id='word_1_101' title='bbox 1342 552 1470 590; x_wconf 88' lang='lat' dir='ltr'>ingeniis</span> 
     </span>
     <span class='ocr_line' id='line_1_10' title="bbox 224 605 1400 652; baseline -0.01 -7"><span class='ocrx_word' id='word_1_102' title='bbox 224 622 238 646; x_wconf 85' lang='grc'><strong>9</strong></span> <span class='ocrx_word' id='word_1_103' title='bbox 261 615 439 649; x_wconf 81' lang='lat' dir='ltr'>edissertata,</span> <span class='ocrx_word' id='word_1_104' title='bbox 463 621 539 652; x_wconf 85' lang='lat' dir='ltr'>quac</span> <span class='ocrx_word' id='word_1_105' title='bbox 562 611 724 651; x_wconf 83' lang='lat' dir='ltr'>praeterire</span> <span class='ocrx_word' id='word_1_106' title='bbox 748 618 836 648; x_wconf 84' lang='lat' dir='ltr'>quam</span> <span class='ocrx_word' id='word_1_107' title='bbox 860 608 985 638; x_wconf 79' lang='lat' dir='ltr'>inferius</span> <span class='ocrx_word' id='word_1_108' title='bbox 1009 607 1113 645; x_wconf 82' lang='lat' dir='ltr'>exequi</span> <span class='ocrx_word' id='word_1_109' title='bbox 1138 606 1230 635; x_wconf 82' lang='lat' dir='ltr'>tutius</span> <span class='ocrx_word' id='word_1_110' title='bbox 1253 605 1400 634; x_wconf 83' lang='lat' dir='ltr'>duximus.</span> 
     </span>
     <span class='ocr_line' id='line_1_11' title="bbox 37 653 1533 706; baseline -0.011 -7"><span class='ocrx_word' id='word_1_111' title='bbox 37 679 82 699; x_wconf 84' lang='lat' dir='ltr'>PL.</span> <span class='ocrx_word' id='word_1_112' title='bbox 99 671 127 705; x_wconf 86' lang='lat'>3,</span> <span class='ocrx_word' id='word_1_113' title='bbox 145 669 184 699; x_wconf 84' lang='lat'>43</span> <span class='ocrx_word' id='word_1_114' title='bbox 209 673 236 697; x_wconf 87' lang='lat'>10</span> <span class='ocrx_word' id='word_1_115' title='bbox 341 664 351 706; x_wconf 95' lang='grc'>11</span> <span class='ocrx_word' id='word_1_116' title='bbox 369 665 476 694; x_wconf 87' lang='lat' dir='ltr'>Verum</span> <span class='ocrx_word' id='word_1_117' title='bbox 502 664 598 693; x_wconf 83' lang='lat' dir='ltr'>ltaliae</span> <span class='ocrx_word' id='word_1_118' title='bbox 623 661 791 700; x_wconf 79' lang='lat' dir='ltr'>longitudo,</span> <span class='ocrx_word' id='word_1_119' title='bbox 816 669 891 699; x_wconf 87' lang='lat' dir='ltr'>quae</span> <span class='ocrx_word' id='word_1_120' title='bbox 915 659 949 688; x_wconf 88' lang='lat' dir='ltr'>ab</span> <span class='ocrx_word' id='word_1_121' title='bbox 967 659 1098 696; x_wconf 79' lang='lat' dir='ltr'>Augusta</span> <span class='ocrx_word' id='word_1_122' title='bbox 1115 657 1265 687; x_wconf 85' lang='lat' dir='ltr'>Praetoria</span> <span class='ocrx_word' id='word_1_123' title='bbox 1288 665 1342 695; x_wconf 85' lang='lat' dir='ltr'>per</span> <span class='ocrx_word' id='word_1_124' title='bbox 1364 654 1470 684; x_wconf 88' lang='lat' dir='ltr'>urbem</span> <span class='ocrx_word' id='word_1_125' title='bbox 1493 653 1533 683; x_wconf 82' lang='lat'>23</span> 
     </span>
     <span class='ocr_line' id='line_1_12' title="bbox 210 708 1473 756; baseline -0.01 -8"><span class='ocrx_word' id='word_1_126' title='bbox 210 724 236 748; x_wconf 89' lang='lat'>11</span> <span class='ocrx_word' id='word_1_127' title='bbox 261 717 448 756; x_wconf 84' lang='lat' dir='ltr'>Capuamque</span> <span class='ocrx_word' id='word_1_128' title='bbox 471 714 634 754; x_wconf 84' lang='lat' dir='ltr'>porrigitur</span> <span class='ocrx_word' id='word_1_129' title='bbox 658 722 752 751; x_wconf 87' lang='lat' dir='ltr'>usque</span> <span class='ocrx_word' id='word_1_130' title='bbox 775 712 809 741; x_wconf 89' lang='lat' dir='ltr'>ad</span> <span class='ocrx_word' id='word_1_131' title='bbox 835 711 977 750; x_wconf 88' lang='lat' dir='ltr'>oppidum</span> <span class='ocrx_word' id='word_1_132' title='bbox 1001 710 1142 749; x_wconf 78' lang='lat' dir='ltr'>Regium,</span> <span class='ocrx_word' id='word_1_133' title='bbox 1173 708 1270 738; x_wconf 83' lang='lat' dir='ltr'>decies</span> <span class='ocrx_word' id='word_1_134' title='bbox 1294 711 1420 737; x_wconf 84' lang='lat' dir='ltr'>centena</span> <span class='ocrx_word' id='word_1_135' title='bbox 1444 709 1473 734; x_wconf 86' lang='lat' dir='ltr'>et</span> 
     </span>
     <span class='ocr_line' id='line_1_13' title="bbox 38 757 1472 807; baseline -0.011 -6"><span class='ocrx_word' id='word_1_136' title='bbox 38 781 82 801; x_wconf 79' lang='lat' dir='ltr'>PL.</span> <span class='ocrx_word' id='word_1_137' title='bbox 101 772 128 807; x_wconf 83' lang='lat'>3,</span> <span class='ocrx_word' id='word_1_138' title='bbox 146 771 186 800; x_wconf 89' lang='grc'>44</span> <span class='ocrx_word' id='word_1_139' title='bbox 212 775 239 799; x_wconf 82' lang='lat'>12</span> <span class='ocrx_word' id='word_1_140' title='bbox 261 768 364 807; x_wconf 80' lang='lat' dir='ltr'>viginti</span> <span class='ocrx_word' id='word_1_141' title='bbox 393 766 470 796; x_wconf 89' lang='lat' dir='ltr'>milia</span> <span class='ocrx_word' id='word_1_142' title='bbox 500 775 640 805; x_wconf 83' lang='lat' dir='ltr'>passuum</span> <span class='ocrx_word' id='word_1_143' title='bbox 671 764 799 802; x_wconf 81' lang='lat' dir='ltr'>colligit,</span> <span class='ocrx_word' id='word_1_144' title='bbox 817 761 828 803; x_wconf 95' lang='grc'>11</span> <span class='ocrx_word' id='word_1_145' title='bbox 845 761 968 791; x_wconf 78' lang='lat' dir='ltr'>latitudo</span> <span class='ocrx_word' id='word_1_146' title='bbox 997 761 1048 790; x_wconf 87' lang='lat' dir='ltr'>ubi</span> <span class='ocrx_word' id='word_1_147' title='bbox 1071 761 1230 800; x_wconf 90' lang='lat' dir='ltr'>plurimum</span> <span class='ocrx_word' id='word_1_148' title='bbox 1255 757 1472 797; x_wconf 85' lang='lat' dir='ltr'>quadringenta</span> 
     </span>
     <span class='ocr_line' id='line_1_14' title="bbox 37 809 1472 858; baseline -0.01 -6"><span class='ocrx_word' id='word_1_149' title='bbox 37 832 81 852; x_wconf 79' lang='lat' dir='ltr'>PL.</span> <span class='ocrx_word' id='word_1_150' title='bbox 100 824 129 858; x_wconf 84' lang='lat'>3,</span> <span class='ocrx_word' id='word_1_151' title='bbox 147 823 187 853; x_wconf 83' lang='lat'>95</span> <span class='ocrx_word' id='word_1_152' title='bbox 211 825 239 850; x_wconf 83' lang='lat'>13</span> <span class='ocrx_word' id='word_1_153' title='bbox 262 821 373 854; x_wconf 88' lang='lat' dir='ltr'>decem,</span> <span class='ocrx_word' id='word_1_154' title='bbox 398 817 448 847; x_wconf 89' lang='lat' dir='ltr'>ubi</span> <span class='ocrx_word' id='word_1_155' title='bbox 472 817 626 846; x_wconf 89' lang='lat' dir='ltr'>minimum</span> <span class='ocrx_word' id='word_1_156' title='bbox 651 821 771 845; x_wconf 88' lang='lat' dir='ltr'>centum</span> <span class='ocrx_word' id='word_1_157' title='bbox 795 814 916 852; x_wconf 86' lang='lat' dir='ltr'>triginta</span> <span class='ocrx_word' id='word_1_158' title='bbox 939 821 1006 848; x_wconf 81' lang='lat' dir='ltr'>sex3</span> <span class='ocrx_word' id='word_1_159' title='bbox 1030 812 1040 852; x_wconf 90' lang='grc'>11</span> <span class='ocrx_word' id='word_1_160' title='bbox 1058 812 1201 842; x_wconf 81' lang='lat' dir='ltr'>artissima</span> <span class='ocrx_word' id='word_1_161' title='bbox 1226 815 1270 840; x_wconf 84' lang='lat' dir='ltr'>est</span> <span class='ocrx_word' id='word_1_162' title='bbox 1292 809 1327 839; x_wconf 89' lang='lat' dir='ltr'>ad</span> <span class='ocrx_word' id='word_1_163' title='bbox 1352 813 1472 847; x_wconf 85' lang='lat' dir='ltr'>portum</span> 
     </span>
     <span class='ocr_line' id='line_1_15' title="bbox 210 859 1473 910; baseline -0.01 -9"><span class='ocrx_word' id='word_1_164' title='bbox 210 877 239 901; x_wconf 82' lang='lat'>14</span> <span class='ocrx_word' id='word_1_165' title='bbox 261 879 347 910; x_wconf 89' lang='lat' dir='ltr'>quem</span> <span class='ocrx_word' id='word_1_166' title='bbox 366 868 539 899; x_wconf 78' lang='lat' dir='ltr'>Hannibalis</span> <span class='ocrx_word' id='word_1_167' title='bbox 563 872 656 898; x_wconf 88' lang='lat' dir='ltr'>castra</span> <span class='ocrx_word' id='word_1_168' title='bbox 681 867 792 902; x_wconf 83' lang='lat' dir='ltr'>dicunt,</span> <span class='ocrx_word' id='word_1_169' title='bbox 818 874 916 903; x_wconf 89' lang='lat' dir='ltr'>neque</span> <span class='ocrx_word' id='word_1_170' title='bbox 940 864 1018 893; x_wconf 88' lang='lat' dir='ltr'>enim</span> <span class='ocrx_word' id='word_1_171' title='bbox 1036 863 1151 893; x_wconf 83' lang='lat' dir='ltr'>excedit</span> <span class='ocrx_word' id='word_1_172' title='bbox 1167 861 1361 901; x_wconf 82' lang='lat' dir='ltr'>quadraginta</span> <span class='ocrx_word' id='word_1_173' title='bbox 1378 859 1473 894; x_wconf 86' lang='lat' dir='ltr'>milia;</span> 
     </span>
     <span class='ocr_line' id='line_1_16' title="bbox 6 910 1473 963; baseline -0.01 -10"><span class='ocrx_word' id='word_1_174' title='bbox 6 932 84 957; x_wconf 56' lang='lat' dir='ltr'>Pus,</span> <span class='ocrx_word' id='word_1_175' title='bbox 101 932 144 952; x_wconf 77' lang='lat'>109.</span> <span class='ocrx_word' id='word_1_176' title='bbox 163 931 188 951; x_wconf 78' lang='lat'>44</span> <span class='ocrx_word' id='word_1_177' title='bbox 212 927 239 952; x_wconf 81' lang='lat'>15</span> <span class='ocrx_word' id='word_1_178' title='bbox 261 921 270 963; x_wconf 96' lang='grc'>11</span> <span class='ocrx_word' id='word_1_179' title='bbox 293 921 476 956; x_wconf 86' lang='lat' dir='ltr'>umbilicum,</span> <span class='ocrx_word' id='word_1_180' title='bbox 499 925 532 949; x_wconf 92' lang='lat' dir='ltr'>ut</span> <span class='ocrx_word' id='word_1_181' title='bbox 554 919 646 949; x_wconf 82' lang='lat' dir='ltr'>Varro</span> <span class='ocrx_word' id='word_1_182' title='bbox 670 919 769 954; x_wconf 83' lang='lat' dir='ltr'>tradit,</span> <span class='ocrx_word' id='word_1_183' title='bbox 794 918 822 947; x_wconf 95' lang='lat' dir='ltr'>in</span> <span class='ocrx_word' id='word_1_184' title='bbox 847 925 917 954; x_wconf 86' lang='lat' dir='ltr'>agro</span> <span class='ocrx_word' id='word_1_185' title='bbox 934 915 1059 944; x_wconf 71' lang='lat' dir='ltr'>Reatino</span> <span class='ocrx_word' id='word_1_186' title='bbox 1083 914 1180 944; x_wconf 81' lang='lat' dir='ltr'>habet.</span> <span class='ocrx_word' id='word_1_187' title='bbox 1212 911 1223 953; x_wconf 91' lang='grc'>11</span> <span class='ocrx_word' id='word_1_188' title='bbox 1240 917 1269 941; x_wconf 86' lang='lat' dir='ltr'>at</span> <span class='ocrx_word' id='word_1_189' title='bbox 1292 913 1321 941; x_wconf 92' lang='lat' dir='ltr'>in</span> <span class='ocrx_word' id='word_1_190' title='bbox 1347 910 1473 941; x_wconf 84' lang='lat' dir='ltr'>solidum</span> 
     </span>
     <span class='ocr_line' id='line_1_17' title="bbox 211 965 1473 1012; baseline -0.01 -9"><span class='ocrx_word' id='word_1_191' title='bbox 211 978 239 1003; x_wconf 89' lang='grc'>16</span> <span class='ocrx_word' id='word_1_192' title='bbox 262 973 390 1012; x_wconf 82' lang='lat' dir='ltr'>spatium</span> <span class='ocrx_word' id='word_1_193' title='bbox 414 972 555 1002; x_wconf 90' lang='lat' dir='ltr'>circuitus</span> <span class='ocrx_word' id='word_1_194' title='bbox 586 969 716 1000; x_wconf 87' lang='lat' dir='ltr'>universi</span> <span class='ocrx_word' id='word_1_195' title='bbox 744 969 831 998; x_wconf 86' lang='lat' dir='ltr'>vicies</span> <span class='ocrx_word' id='word_1_196' title='bbox 863 967 1015 997; x_wconf 72' lang='lat' dir='ltr'>*centena</span> <span class='ocrx_word' id='word_1_197' title='bbox 1047 965 1240 1004; x_wconf 83' lang='lat' dir='ltr'>quadraginta</span> <span class='ocrx_word' id='word_1_198' title='bbox 1267 972 1370 993; x_wconf 89' lang='lat' dir='ltr'>novem</span> <span class='ocrx_word' id='word_1_199' title='bbox 1394 965 1473 991; x_wconf 85' lang='lat' dir='ltr'>sunt.</span> 
     </span>
    </p>
   </div>
   <div class='ocr_carea' id='block_1_3' title="bbox 213 1062 1477 1224">
    <p class='ocr_par' dir='ltr' id='par_1_3' title="bbox 299 1062 638 1095">
     <span class='ocr_line' id='line_1_18' title="bbox 299 1062 638 1095; baseline -0.006 -4"><span class='ocrx_word' id='word_1_200' title='bbox 299 1063 402 1091; x_wconf 85' lang='lat' dir='ltr'><em>RCNH</em></span> <span class='ocrx_word' id='word_1_201' title='bbox 419 1062 547 1095; x_wconf 66' lang='lat' dir='ltr'><em>LMGOEJ</em></span> <span class='ocrx_word' id='word_1_202' title='bbox 566 1062 638 1089; x_wconf 77' lang='lat' dir='ltr'>SAP</span> 
     </span>
    </p>

    <p class='ocr_par' dir='ltr' id='par_1_4' title="bbox 213 1098 1477 1224">
     <span class='ocr_line' id='line_1_19' title="bbox 298 1098 1410 1140; baseline -0.009 -7"><span class='ocrx_word' id='word_1_203' title='bbox 298 1116 321 1134; x_wconf 86' lang='lat' dir='ltr'>v.</span> <span class='ocrx_word' id='word_1_204' title='bbox 341 1109 355 1132; x_wconf 81' lang='lat'>2</span> <span class='ocrx_word' id='word_1_205' title='bbox 375 1106 546 1140; x_wconf 82' lang='lat' dir='ltr'>Scylacea—</span> <span class='ocrx_word' id='word_1_206' title='bbox 559 1107 573 1131; x_wconf 88' lang='grc'>8</span> <span class='ocrx_word' id='word_1_207' title='bbox 593 1105 733 1131; x_wconf 80' lang='lat' dir='ltr'>habitatae</span> <span class='ocrx_word' id='word_1_208' title='bbox 752 1103 908 1138; x_wconf 74' lang='lat' dir='ltr'>compilavit</span> <span class='ocrx_word' id='word_1_209' title='bbox 927 1101 1025 1128; x_wconf 79' lang='lat' dir='ltr'>alienis</span> <span class='ocrx_word' id='word_1_210' title='bbox 1043 1100 1176 1126; x_wconf 69' lang='lat' dir='ltr'>aclmiaetis</span> <span class='ocrx_word' id='word_1_211' title='bbox 1197 1098 1308 1133; x_wconf 83' lang='lat' dir='ltr'>Capella</span> <span class='ocrx_word' id='word_1_212' title='bbox 1328 1098 1343 1130; x_wconf 66' lang='grc' dir='ltr'>ξ</span> <span class='ocrx_word' id='word_1_213' title='bbox 1363 1098 1410 1122; x_wconf 76' lang='lat'>641</span> 
     </span>
     <span class='ocr_line' id='line_1_20' title="bbox 213 1138 1477 1182; baseline -0.009 -5"><span class='ocrx_word' id='word_1_214' title='bbox 213 1159 236 1177; x_wconf 84' lang='lat' dir='ltr'>v.</span> <span class='ocrx_word' id='word_1_215' title='bbox 258 1152 288 1176; x_wconf 88' lang='grc'>10</span> <span class='ocrx_word' id='word_1_216' title='bbox 307 1157 402 1176; x_wconf 91' lang='lat' dir='ltr'>uerum</span> <span class='ocrx_word' id='word_1_217' title='bbox 414 1164 445 1168; x_wconf 79' lang='lat'><strong>—</strong></span> <span class='ocrx_word' id='word_1_218' title='bbox 459 1151 489 1175; x_wconf 86' lang='lat'>16</span> <span class='ocrx_word' id='word_1_219' title='bbox 509 1151 572 1175; x_wconf 86' lang='lat' dir='ltr'>sunt</span> <span class='ocrx_word' id='word_1_220' title='bbox 590 1147 731 1182; x_wconf 75' lang='lat' dir='ltr'>excerpsit</span> <span class='ocrx_word' id='word_1_221' title='bbox 750 1145 838 1172; x_wconf 82' lang='lat' dir='ltr'>Guido</span> <span class='ocrx_word' id='word_1_222' title='bbox 857 1144 976 1171; x_wconf 76' lang='lat' dir='ltr'>Pisanus</span> <span class='ocrx_word' id='word_1_223' title='bbox 988 1146 1093 1179; x_wconf 53' lang='lat'>12:155.</span> <span class='ocrx_word' id='word_1_224' title='bbox 1107 1145 1156 1169; x_wconf 77' lang='lat'>456</span> <span class='ocrx_word' id='word_1_225' title='bbox 1176 1141 1272 1168; x_wconf 75' lang='lat' dir='ltr'>Parelz.</span> <span class='ocrx_word' id='word_1_226' title='bbox 1335 1148 1358 1166; x_wconf 88' lang='lat' dir='ltr'>v.</span> <span class='ocrx_word' id='word_1_227' title='bbox 1381 1141 1410 1166; x_wconf 86' lang='lat'>13</span> <span class='ocrx_word' id='word_1_228' title='bbox 1430 1138 1477 1165; x_wconf 89' lang='lat' dir='ltr'>ubi</span> 
     </span>
     <span class='ocr_line' id='line_1_21' title="bbox 213 1187 1056 1224; baseline -0.008 -5"><span class='ocrx_word' id='word_1_229' title='bbox 213 1193 350 1219; x_wconf 87' lang='lat' dir='ltr'>minimum</span> <span class='ocrx_word' id='word_1_230' title='bbox 371 1194 479 1218; x_wconf 85' lang='lat' dir='ltr'>centum</span> <span class='ocrx_word' id='word_1_231' title='bbox 496 1191 607 1224; x_wconf 83' lang='lat' dir='ltr'>triginta</span> <span class='ocrx_word' id='word_1_232' title='bbox 626 1197 672 1216; x_wconf 84' lang='lat' dir='ltr'>sex</span> <span class='ocrx_word' id='word_1_233' title='bbox 691 1188 815 1215; x_wconf 77' lang='lat' dir='ltr'>adhibuit</span> <span class='ocrx_word' id='word_1_234' title='bbox 835 1187 946 1222; x_wconf 80' lang='lat' dir='ltr'>Capella</span> <span class='ocrx_word' id='word_1_235' title='bbox 964 1188 977 1219; x_wconf 65' lang='grc' dir='ltr'>ξ</span> <span class='ocrx_word' id='word_1_236' title='bbox 998 1188 1056 1213; x_wconf 73' lang='lat'>640.</span> 
     </span>
    </p>
   </div>
   <div class='ocr_carea' id='block_1_4' title="bbox 223 1232 1475 1246">
    <p class='ocr_par' dir='ltr' id='par_1_5' title="bbox 223 1232 1475 1246">
     <span class='ocr_line' id='line_1_22' title="bbox 223 1232 1475 1246; baseline 0 0"><span class='ocrx_word' id='word_1_237' title='bbox 223 1232 1475 1246; x_wconf 95' lang='lat' dir='ltr'> </span> 
     </span>
    </p>
   </div>
   <div class='ocr_carea' id='block_1_5' title="bbox 215 1250 1485 2145">
    <p class='ocr_par' dir='ltr' id='par_1_6' title="bbox 215 1250 1485 2145">
     <span class='ocr_line' id='line_1_23' title="bbox 294 1250 1477 1294; baseline -0.009 -7"><span class='ocrx_word' id='word_1_238' title='bbox 294 1264 305 1288; x_wconf 93' lang='lat'>1</span> <span class='ocrx_word' id='word_1_239' title='bbox 317 1260 423 1294; x_wconf 79' lang='lat' dir='ltr'>accepit</span> <span class='ocrx_word' id='word_1_240' title='bbox 434 1259 574 1291; x_wconf 78' lang='lat' dir='ltr'>NLMBS,</span> <span class='ocrx_word' id='word_1_241' title='bbox 585 1258 702 1285; x_wconf 82' lang='lat' dir='ltr'>admittit</span> <span class='ocrx_word' id='word_1_242' title='bbox 712 1257 762 1284; x_wconf 89' lang='lat' dir='ltr'>III</span> <span class='ocrx_word' id='word_1_243' title='bbox 772 1256 857 1289; x_wconf 70' lang='lat' dir='ltr'><em>(AP2)</em></span> <span class='ocrx_word' id='word_1_244' title='bbox 906 1256 942 1282; x_wconf 90' lang='lat' dir='ltr'>ibi</span> <span class='ocrx_word' id='word_1_245' title='bbox 953 1255 1010 1287; x_wconf 89' lang='lat' dir='ltr'>(ubi</span> <span class='ocrx_word' id='word_1_246' title='bbox 1020 1256 1053 1287; x_wconf 73' lang='grc' dir='ltr'>Α)</span> <span class='ocrx_word' id='word_1_247' title='bbox 1063 1257 1110 1280; x_wconf 84' lang='lat' dir='ltr'>aut</span> <span class='ocrx_word' id='word_1_248' title='bbox 1120 1256 1160 1285; x_wconf 79' lang='lat' dir='ltr'>(ut</span> <span class='ocrx_word' id='word_1_249' title='bbox 1171 1253 1212 1285; x_wconf 67' lang='lat' dir='ltr'>Cb)</span> <span class='ocrx_word' id='word_1_250' title='bbox 1222 1253 1317 1279; x_wconf 83' lang='lat' dir='ltr'>obuias</span> <span class='ocrx_word' id='word_1_251' title='bbox 1329 1251 1433 1284; x_wconf 75' lang='lat' dir='ltr'>(obbias</span> <span class='ocrx_word' id='word_1_252' title='bbox 1443 1250 1477 1282; x_wconf 81' lang='lat' dir='ltr'>R,</span> 
     </span>
     <span class='ocr_line' id='line_1_24' title="bbox 216 1292 1477 1336; baseline -0.009 -6"><span class='ocrx_word' id='word_1_253' title='bbox 216 1304 292 1331; x_wconf 87' lang='lat' dir='ltr'>obias</span> <span class='ocrx_word' id='word_1_254' title='bbox 312 1303 348 1335; x_wconf 82' lang='grc' dir='ltr'>Ν)</span> <span class='ocrx_word' id='word_1_255' title='bbox 366 1302 468 1336; x_wconf 77' lang='lat' dir='ltr'>passim</span> <span class='ocrx_word' id='word_1_256' title='bbox 486 1300 506 1328; x_wconf 91' lang='grc' dir='ltr'><em>Ι</em></span> <span class='ocrx_word' id='word_1_257' title='bbox 520 1301 652 1333; x_wconf 69' lang='lat' dir='ltr'>(BONA),</span> <span class='ocrx_word' id='word_1_258' title='bbox 676 1301 713 1327; x_wconf 88' lang='lat' dir='ltr'>ibi</span> <span class='ocrx_word' id='word_1_259' title='bbox 737 1302 769 1327; x_wconf 80' lang='lat' dir='ltr'>ut</span> <span class='ocrx_word' id='word_1_260' title='bbox 787 1300 869 1327; x_wconf 87' lang='lat' dir='ltr'>obuia</span> <span class='ocrx_word' id='word_1_261' title='bbox 886 1298 987 1333; x_wconf 82' lang='lat' dir='ltr'>passim</span> <span class='ocrx_word' id='word_1_262' title='bbox 1007 1300 1047 1328; x_wconf 90' lang='lat' dir='ltr'>H,</span> <span class='ocrx_word' id='word_1_263' title='bbox 1072 1298 1108 1323; x_wconf 90' lang='lat' dir='ltr'>ibi</span> <span class='ocrx_word' id='word_1_264' title='bbox 1127 1299 1217 1323; x_wconf 86' lang='lat' dir='ltr'>autem</span> <span class='ocrx_word' id='word_1_265' title='bbox 1236 1296 1299 1329; x_wconf 87' lang='lat' dir='ltr'>appi</span> <span class='ocrx_word' id='word_1_266' title='bbox 1318 1301 1428 1328; x_wconf 84' lang='lat' dir='ltr'>passum</span> <span class='ocrx_word' id='word_1_267' title='bbox 1446 1292 1477 1324; x_wconf 81' lang='lat' dir='ltr'>S,</span> 
     </span>
     <span class='ocr_line' id='line_1_25' title="bbox 215 1337 1478 1380; baseline -0.009 -7"><span class='ocrx_word' id='word_1_268' title='bbox 215 1347 253 1373; x_wconf 88' lang='lat' dir='ltr'>ibi</span> <span class='ocrx_word' id='word_1_269' title='bbox 271 1349 302 1373; x_wconf 82' lang='lat' dir='ltr'>ut.</span> <span class='ocrx_word' id='word_1_270' title='bbox 320 1346 435 1380; x_wconf 82' lang='lat' dir='ltr'>sparsim</span> <span class='ocrx_word' id='word_1_271' title='bbox 454 1343 490 1370; x_wconf 90' lang='lat' dir='ltr'>II</span> <span class='ocrx_word' id='word_1_272' title='bbox 505 1343 644 1375; x_wconf 73' lang='lat' dir='ltr'>(LMGP),</span> <span class='ocrx_word' id='word_1_273' title='bbox 663 1344 700 1369; x_wconf 90' lang='lat' dir='ltr'>ibi</span> <span class='ocrx_word' id='word_1_274' title='bbox 718 1345 749 1369; x_wconf 83' lang='lat' dir='ltr'>ut</span> <span class='ocrx_word' id='word_1_275' title='bbox 768 1342 863 1369; x_wconf 82' lang='lat' dir='ltr'>obuias</span> <span class='ocrx_word' id='word_1_276' title='bbox 881 1341 996 1374; x_wconf 81' lang='lat' dir='ltr'>sparsim</span> <span class='ocrx_word' id='word_1_277' title='bbox 1019 1343 1040 1368; x_wconf 81' lang='grc' dir='ltr'><em>Β</em></span> <span class='ocrx_word' id='word_1_278' title='bbox 1107 1341 1198 1366; x_wconf 85' lang='lat' dir='ltr'>notem</span> <span class='ocrx_word' id='word_1_279' title='bbox 1219 1339 1240 1365; x_wconf 85' lang='lat' dir='ltr'><em>G</em></span> <span class='ocrx_word' id='word_1_280' title='bbox 1310 1339 1325 1363; x_wconf 77' lang='lat'>2</span> <span class='ocrx_word' id='word_1_281' title='bbox 1345 1337 1478 1370; x_wconf 80' lang='lat' dir='ltr'>scylacea]</span> 
     </span>
     <span class='ocr_line' id='line_1_26' title="bbox 215 1379 1478 1422; baseline -0.009 -6"><span class='ocrx_word' id='word_1_282' title='bbox 215 1388 322 1421; x_wconf 80' lang='lat' dir='ltr'>RCNS,</span> <span class='ocrx_word' id='word_1_283' title='bbox 335 1388 469 1422; x_wconf 77' lang='lat' dir='ltr'>scyllacea</span> <span class='ocrx_word' id='word_1_284' title='bbox 481 1387 544 1418; x_wconf 85' lang='lat' dir='ltr'>LM,</span> <span class='ocrx_word' id='word_1_285' title='bbox 558 1386 683 1413; x_wconf 81' lang='lat' dir='ltr'>scillacea</span> <span class='ocrx_word' id='word_1_286' title='bbox 698 1386 752 1416; x_wconf 71' lang='grc' dir='ltr'>ΘΑ,</span> <span class='ocrx_word' id='word_1_287' title='bbox 769 1385 894 1412; x_wconf 84' lang='lat' dir='ltr'>scillecea</span> <span class='ocrx_word' id='word_1_288' title='bbox 907 1386 942 1416; x_wconf 88' lang='lat' dir='ltr'>H,</span> <span class='ocrx_word' id='word_1_289' title='bbox 961 1384 1097 1417; x_wconf 82' lang='lat' dir='ltr'>syllaeaea</span> <span class='ocrx_word' id='word_1_290' title='bbox 1115 1382 1140 1408; x_wconf 87' lang='lat' dir='ltr'><em>P</em></span> <span class='ocrx_word' id='word_1_291' title='bbox 1193 1381 1318 1415; x_wconf 83' lang='lat' dir='ltr'>scyllaeo]</span> <span class='ocrx_word' id='word_1_292' title='bbox 1332 1379 1389 1410; x_wconf 87' lang='lat' dir='ltr'>LP,</span> <span class='ocrx_word' id='word_1_293' title='bbox 1408 1379 1478 1412; x_wconf 87' lang='lat' dir='ltr'>scyl-</span> 
     </span>
     <span class='ocr_line' id='line_1_27' title="bbox 215 1424 1480 1462; baseline -0.009 -3"><span class='ocrx_word' id='word_1_294' title='bbox 215 1433 258 1459; x_wconf 86' lang='lat' dir='ltr'>leo</span> <span class='ocrx_word' id='word_1_295' title='bbox 277 1431 365 1462; x_wconf 81' lang='lat' dir='ltr'>RCN,</span> <span class='ocrx_word' id='word_1_296' title='bbox 388 1430 480 1457; x_wconf 88' lang='lat' dir='ltr'>scilleo</span> <span class='ocrx_word' id='word_1_297' title='bbox 498 1429 607 1462; x_wconf 70' lang='lat' dir='ltr'>HGSA,</span> <span class='ocrx_word' id='word_1_298' title='bbox 626 1428 727 1462; x_wconf 78' lang='lat' dir='ltr'>scyllae</span> <span class='ocrx_word' id='word_1_299' title='bbox 746 1427 779 1454; x_wconf 86' lang='lat' dir='ltr'><em>M</em></span> <span class='ocrx_word' id='word_1_300' title='bbox 840 1427 995 1454; x_wconf 81' lang='lat' dir='ltr'>cratheidae</span> <span class='ocrx_word' id='word_1_301' title='bbox 1014 1425 1050 1458; x_wconf 88' lang='grc' dir='ltr'>Ν,</span> <span class='ocrx_word' id='word_1_302' title='bbox 1069 1425 1210 1452; x_wconf 83' lang='lat' dir='ltr'>cradeidae</span> <span class='ocrx_word' id='word_1_303' title='bbox 1229 1424 1250 1450; x_wconf 89' lang='lat' dir='ltr'><strong><em>S</em></strong></span> <span class='ocrx_word' id='word_1_304' title='bbox 1314 1425 1328 1449; x_wconf 89' lang='lat'><strong>3</strong></span> <span class='ocrx_word' id='word_1_305' title='bbox 1348 1424 1480 1456; x_wconf 79' lang='lat' dir='ltr'>paestana</span> 
     </span>
     <span class='ocr_line' id='line_1_28' title="bbox 216 1465 1409 1508; baseline -0.009 -7"><span class='ocrx_word' id='word_1_306' title='bbox 216 1474 275 1506; x_wconf 86' lang='grc' dir='ltr'>ΑΡ,</span> <span class='ocrx_word' id='word_1_307' title='bbox 293 1475 456 1508; x_wconf 80' lang='lat' dir='ltr'>praestanae</span> <span class='ocrx_word' id='word_1_308' title='bbox 468 1473 500 1499; x_wconf 91' lang='lat' dir='ltr'><em>M</em></span> <span class='ocrx_word' id='word_1_309' title='bbox 567 1472 646 1498; x_wconf 81' lang='lat' dir='ltr'>uallis</span> <span class='ocrx_word' id='word_1_310' title='bbox 660 1472 692 1502; x_wconf 83' lang='grc' dir='ltr'>Α,</span> <span class='ocrx_word' id='word_1_311' title='bbox 711 1471 782 1497; x_wconf 82' lang='lat' dir='ltr'>ualle</span> <span class='ocrx_word' id='word_1_312' title='bbox 795 1470 829 1496; x_wconf 89' lang='lat' dir='ltr'><em>M</em></span> <span class='ocrx_word' id='word_1_313' title='bbox 895 1472 910 1496; x_wconf 81' lang='lat'><strong>4</strong></span> <span class='ocrx_word' id='word_1_314' title='bbox 929 1468 1125 1495; x_wconf 80' lang='lat' dir='ltr'>amaenissimis</span> <span class='ocrx_word' id='word_1_315' title='bbox 1139 1470 1189 1498; x_wconf 63' lang='lat' dir='ltr'>Ha,</span> <span class='ocrx_word' id='word_1_316' title='bbox 1207 1465 1371 1492; x_wconf 85' lang='lat' dir='ltr'>amenissimi</span> <span class='ocrx_word' id='word_1_317' title='bbox 1386 1466 1409 1491; x_wconf 84' lang='grc' dir='ltr'><em>Α</em></span> 
     </span>
     <span class='ocr_line' id='line_1_29' title="bbox 217 1507 1480 1550; baseline -0.009 -7"><span class='ocrx_word' id='word_1_318' title='bbox 217 1516 309 1550; x_wconf 80' lang='lat' dir='ltr'>flegrei</span> <span class='ocrx_word' id='word_1_319' title='bbox 328 1516 392 1542; x_wconf 82' lang='lat' dir='ltr'>libri</span> <span class='ocrx_word' id='word_1_320' title='bbox 460 1518 474 1542; x_wconf 84' lang='lat'><strong>5</strong></span> <span class='ocrx_word' id='word_1_321' title='bbox 494 1514 629 1541; x_wconf 83' lang='lat' dir='ltr'>tarracina</span> <span class='ocrx_word' id='word_1_322' title='bbox 647 1514 790 1545; x_wconf 83' lang='lat' dir='ltr'>(terracina</span> <span class='ocrx_word' id='word_1_323' title='bbox 808 1512 837 1544; x_wconf 86' lang='lat' dir='ltr'>C)</span> <span class='ocrx_word' id='word_1_324' title='bbox 853 1513 975 1546; x_wconf 74' lang='lat' dir='ltr'>sortasse</span> <span class='ocrx_word' id='word_1_325' title='bbox 994 1511 1149 1537; x_wconf 77' lang='lat' dir='ltr'>delendum.-</span> <span class='ocrx_word' id='word_1_326' title='bbox 1174 1509 1357 1542; x_wconf 78' lang='lat' dir='ltr'>habitatisque</span> <span class='ocrx_word' id='word_1_327' title='bbox 1377 1507 1480 1534; x_wconf 85' lang='lat' dir='ltr'>Circeia</span> 
     </span>
     <span class='ocr_line' id='line_1_30' title="bbox 218 1550 1437 1592; baseline -0.008 -6"><span class='ocrx_word' id='word_1_328' title='bbox 218 1559 367 1586; x_wconf 82' lang='lat' dir='ltr'>Terracina</span> <span class='ocrx_word' id='word_1_329' title='bbox 380 1558 454 1592; x_wconf 86' lang='lat' dir='ltr'>prius</span> <span class='ocrx_word' id='word_1_330' title='bbox 467 1557 556 1584; x_wconf 83' lang='lat' dir='ltr'>insula</span> <span class='ocrx_word' id='word_1_331' title='bbox 574 1564 647 1583; x_wconf 84' lang='lat' dir='ltr'>nunc</span> <span class='ocrx_word' id='word_1_332' title='bbox 666 1556 811 1582; x_wconf 83' lang='lat' dir='ltr'>coniuncta</span> <span class='ocrx_word' id='word_1_333' title='bbox 829 1555 986 1586; x_wconf 84' lang='lat' dir='ltr'>(continenti</span> <span class='ocrx_word' id='word_1_334' title='bbox 1005 1554 1098 1580; x_wconf 87' lang='lat' dir='ltr'>iuncta</span> <span class='ocrx_word' id='word_1_335' title='bbox 1113 1551 1311 1587; x_wconf 69' lang='lat' dir='ltr'>Eyssenhardt)</span> <span class='ocrx_word' id='word_1_336' title='bbox 1326 1550 1437 1585; x_wconf 74' lang='lat' dir='ltr'>Capella</span> 
     </span>
     <span class='ocr_line' id='line_1_31' title="bbox 219 1593 1480 1633; baseline -0.008 -4"><span class='ocrx_word' id='word_1_337' title='bbox 219 1605 234 1629; x_wconf 88' lang='grc'>6</span> <span class='ocrx_word' id='word_1_338' title='bbox 253 1604 387 1633; x_wconf 84' lang='lat' dir='ltr'>nectente]</span> <span class='ocrx_word' id='word_1_339' title='bbox 407 1600 443 1627; x_wconf 88' lang='lat' dir='ltr'>II</span> <span class='ocrx_word' id='word_1_340' title='bbox 459 1599 588 1633; x_wconf 68' lang='lat' dir='ltr'>(LMAP,</span> <span class='ocrx_word' id='word_1_341' title='bbox 611 1599 731 1625; x_wconf 82' lang='lat' dir='ltr'>nectenti</span> <span class='ocrx_word' id='word_1_342' title='bbox 751 1597 798 1630; x_wconf 87' lang='lat' dir='ltr'>G),</span> <span class='ocrx_word' id='word_1_343' title='bbox 823 1599 930 1623; x_wconf 85' lang='lat' dir='ltr'>netente</span> <span class='ocrx_word' id='word_1_344' title='bbox 950 1596 967 1622; x_wconf 91' lang='lat' dir='ltr'><em>I</em></span> <span class='ocrx_word' id='word_1_345' title='bbox 982 1596 1031 1628; x_wconf 83' lang='lat' dir='ltr'>(N,</span> <span class='ocrx_word' id='word_1_346' title='bbox 1056 1597 1136 1622; x_wconf 85' lang='lat' dir='ltr'>nente</span> <span class='ocrx_word' id='word_1_347' title='bbox 1155 1594 1189 1626; x_wconf 91' lang='lat' dir='ltr'>S,</span> <span class='ocrx_word' id='word_1_348' title='bbox 1214 1594 1316 1621; x_wconf 86' lang='lat' dir='ltr'>nitente</span> <span class='ocrx_word' id='word_1_349' title='bbox 1335 1593 1396 1624; x_wconf 81' lang='lat' dir='ltr'>RC,</span> <span class='ocrx_word' id='word_1_350' title='bbox 1421 1600 1480 1619; x_wconf 89' lang='lat' dir='ltr'>uer-</span> 
     </span>
     <span class='ocr_line' id='line_1_32' title="bbox 218 1637 1420 1676; baseline -0.007 -5"><span class='ocrx_word' id='word_1_351' title='bbox 218 1648 292 1671; x_wconf 84' lang='lat' dir='ltr'>tente</span> <span class='ocrx_word' id='word_1_352' title='bbox 314 1647 347 1676; x_wconf 83' lang='lat' dir='ltr'>H)</span> <span class='ocrx_word' id='word_1_353' title='bbox 411 1647 423 1670; x_wconf 88' lang='lat'>7</span> <span class='ocrx_word' id='word_1_354' title='bbox 444 1644 481 1675; x_wconf 86' lang='lat' dir='ltr'>ui]</span> <span class='ocrx_word' id='word_1_355' title='bbox 500 1643 545 1669; x_wconf 83' lang='lat' dir='ltr'>uia</span> <span class='ocrx_word' id='word_1_356' title='bbox 563 1642 596 1672; x_wconf 81' lang='lat' dir='ltr'>R,</span> <span class='ocrx_word' id='word_1_357' title='bbox 616 1642 672 1668; x_wconf 83' lang='lat' dir='ltr'>suis</span> <span class='ocrx_word' id='word_1_358' title='bbox 691 1642 714 1667; x_wconf 87' lang='grc' dir='ltr'><em>Α</em></span> <span class='ocrx_word' id='word_1_359' title='bbox 776 1640 867 1667; x_wconf 84' lang='lat' dir='ltr'>foniae</span> <span class='ocrx_word' id='word_1_360' title='bbox 886 1638 914 1669; x_wconf 85' lang='lat' dir='ltr'>S,</span> <span class='ocrx_word' id='word_1_361' title='bbox 932 1639 1034 1665; x_wconf 78' lang='lat' dir='ltr'>formae</span> <span class='ocrx_word' id='word_1_362' title='bbox 1054 1638 1087 1665; x_wconf 88' lang='lat' dir='ltr'><em>M</em></span> <span class='ocrx_word' id='word_1_363' title='bbox 1147 1641 1160 1664; x_wconf 76' lang='lat'>8</span> <span class='ocrx_word' id='word_1_364' title='bbox 1180 1637 1378 1671; x_wconf 83' lang='lat' dir='ltr'>lystregonibus</span> <span class='ocrx_word' id='word_1_365' title='bbox 1398 1637 1420 1662; x_wconf 72' lang='lat' dir='ltr'><em>A</em></span> 
     </span>
     <span class='ocr_line' id='line_1_33' title="bbox 219 1678 1480 1717; baseline -0.009 -3"><span class='ocrx_word' id='word_1_366' title='bbox 219 1688 328 1714; x_wconf 79' lang='lat' dir='ltr'>habitae</span> <span class='ocrx_word' id='word_1_367' title='bbox 347 1686 374 1713; x_wconf 91' lang='lat' dir='ltr'><em>P</em></span> <span class='ocrx_word' id='word_1_368' title='bbox 452 1689 480 1712; x_wconf 85' lang='lat' dir='ltr'>te</span> <span class='ocrx_word' id='word_1_369' title='bbox 498 1685 582 1711; x_wconf 87' lang='lat' dir='ltr'>multa</span> <span class='ocrx_word' id='word_1_370' title='bbox 601 1684 641 1710; x_wconf 78' lang='lat' dir='ltr'>bis</span> <span class='ocrx_word' id='word_1_371' title='bbox 659 1683 680 1710; x_wconf 88' lang='lat' dir='ltr'>S</span> <span class='ocrx_word' id='word_1_372' title='bbox 761 1686 902 1717; x_wconf 78' lang='lat' dir='ltr'>praeterea.</span> <span class='ocrx_word' id='word_1_373' title='bbox 921 1690 973 1709; x_wconf 81' lang='lat' dir='ltr'>om.</span> <span class='ocrx_word' id='word_1_374' title='bbox 993 1684 1020 1708; x_wconf 95' lang='lat' dir='ltr'><em>H</em></span> <span class='ocrx_word' id='word_1_375' title='bbox 1100 1683 1115 1707; x_wconf 81' lang='lat'>9</span> <span class='ocrx_word' id='word_1_376' title='bbox 1134 1681 1303 1710; x_wconf 80' lang='lat' dir='ltr'>edissertata]</span> <span class='ocrx_word' id='word_1_377' title='bbox 1323 1681 1365 1705; x_wconf 87' lang='lat' dir='ltr'>est</span> <span class='ocrx_word' id='word_1_378' title='bbox 1383 1678 1480 1704; x_wconf 84' lang='lat' dir='ltr'>disser-</span> 
     </span>
     <span class='ocr_line' id='line_1_34' title="bbox 219 1722 1480 1762; baseline -0.009 -5"><span class='ocrx_word' id='word_1_379' title='bbox 219 1735 277 1757; x_wconf 82' lang='lat' dir='ltr'>tata</span> <span class='ocrx_word' id='word_1_380' title='bbox 295 1730 436 1762; x_wconf 80' lang='lat' dir='ltr'>(disertata</span> <span class='ocrx_word' id='word_1_381' title='bbox 448 1726 644 1759; x_wconf 71' lang='lat' dir='ltr'>A)N‹?)HSA,</span> <span class='ocrx_word' id='word_1_382' title='bbox 664 1726 796 1753; x_wconf 76' lang='lat' dir='ltr'>edisserta</span> <span class='ocrx_word' id='word_1_383' title='bbox 808 1737 819 1749; x_wconf 33' lang='grc' dir='ltr'>ἢν</span> <span class='ocrx_word' id='word_1_384' title='bbox 834 1736 845 1748; x_wconf 52' lang='grc' dir='ltr'><em>ψ</em></span> <span class='ocrx_word' id='word_1_385' title='bbox 863 1725 889 1756; x_wconf 77' lang='lat' dir='ltr'>C,</span> <span class='ocrx_word' id='word_1_386' title='bbox 909 1725 1026 1751; x_wconf 82' lang='lat' dir='ltr'>ediserta</span> <span class='ocrx_word' id='word_1_387' title='bbox 1044 1724 1078 1755; x_wconf 79' lang='lat' dir='ltr'>R,</span> <span class='ocrx_word' id='word_1_388' title='bbox 1097 1724 1228 1750; x_wconf 81' lang='lat' dir='ltr'>edisserta</span> <span class='ocrx_word' id='word_1_389' title='bbox 1247 1722 1273 1748; x_wconf 87' lang='lat' dir='ltr'><strong><em>P</em></strong></span> <span class='ocrx_word' id='word_1_390' title='bbox 1340 1728 1442 1755; x_wconf 84' lang='lat' dir='ltr'>quae..</span> <span class='ocrx_word' id='word_1_391' title='bbox 1456 1741 1480 1747; x_wconf 86' lang='lat'>..</span> 
     </span>
     <span class='ocr_line' id='line_1_35' title="bbox 219 1766 1399 1805; baseline -0.008 -5"><span class='ocrx_word' id='word_1_392' title='bbox 219 1773 305 1800; x_wconf 82' lang='lat' dir='ltr'>tutius</span> <span class='ocrx_word' id='word_1_393' title='bbox 324 1772 417 1805; x_wconf 79' lang='lat' dir='ltr'>(totius</span> <span class='ocrx_word' id='word_1_394' title='bbox 436 1771 477 1803; x_wconf 82' lang='lat' dir='ltr'>M)</span> <span class='ocrx_word' id='word_1_395' title='bbox 495 1771 619 1797; x_wconf 83' lang='lat' dir='ltr'>duximus</span> <span class='ocrx_word' id='word_1_396' title='bbox 637 1769 761 1800; x_wconf 79' lang='lat' dir='ltr'>(diximus</span> <span class='ocrx_word' id='word_1_397' title='bbox 781 1768 852 1799; x_wconf 63' lang='grc' dir='ltr'>ΠΒ,</span> <span class='ocrx_word' id='word_1_398' title='bbox 875 1776 925 1794; x_wconf 85' lang='lat' dir='ltr'>om.</span> <span class='ocrx_word' id='word_1_399' title='bbox 944 1766 985 1797; x_wconf 69' lang='lat' dir='ltr'>M)</span> <span class='ocrx_word' id='word_1_400' title='bbox 1005 1776 1056 1793; x_wconf 83' lang='lat' dir='ltr'>om.</span> <span class='ocrx_word' id='word_1_401' title='bbox 1075 1767 1098 1792; x_wconf 73' lang='lat' dir='ltr'><em>A</em></span> <span class='ocrx_word' id='word_1_402' title='bbox 1189 1768 1218 1792; x_wconf 87' lang='grc'>10</span> <span class='ocrx_word' id='word_1_403' title='bbox 1236 1767 1352 1798; x_wconf 80' lang='lat' dir='ltr'>angusta</span> <span class='ocrx_word' id='word_1_404' title='bbox 1370 1766 1399 1791; x_wconf 94' lang='lat' dir='ltr'><em>H</em></span> 
     </span>
     <span class='ocr_line' id='line_1_36' title="bbox 223 1806 1405 1849; baseline -0.009 -6"><span class='ocrx_word' id='word_1_405' title='bbox 223 1819 251 1843; x_wconf 92' lang='lat'>11</span> <span class='ocrx_word' id='word_1_406' title='bbox 272 1822 484 1849; x_wconf 83' lang='lat' dir='ltr'>campuamquae</span> <span class='ocrx_word' id='word_1_407' title='bbox 498 1816 547 1844; x_wconf 76' lang='lat' dir='ltr'>H‘¹‚</span> <span class='ocrx_word' id='word_1_408' title='bbox 566 1815 727 1846; x_wconf 78' lang='lat' dir='ltr'>captumque</span> <span class='ocrx_word' id='word_1_409' title='bbox 746 1810 781 1836; x_wconf 87' lang='lat' dir='ltr'>L¹</span> <span class='ocrx_word' id='word_1_410' title='bbox 867 1810 1013 1844; x_wconf 85' lang='lat' dir='ltr'>porrigitus</span> <span class='ocrx_word' id='word_1_411' title='bbox 1032 1810 1058 1836; x_wconf 77' lang='lat' dir='ltr'><strong><em>R</em></strong></span> <span class='ocrx_word' id='word_1_412' title='bbox 1136 1811 1163 1835; x_wconf 80' lang='lat' dir='ltr'>et</span> <span class='ocrx_word' id='word_1_413' title='bbox 1181 1808 1275 1841; x_wconf 83' lang='lat' dir='ltr'>uiginti</span> <span class='ocrx_word' id='word_1_414' title='bbox 1294 1816 1345 1833; x_wconf 83' lang='lat' dir='ltr'>om.</span> <span class='ocrx_word' id='word_1_415' title='bbox 1365 1806 1405 1833; x_wconf 70' lang='lat' dir='ltr'>Ra</span> 
     </span>
     <span class='ocr_line' id='line_1_37' title="bbox 223 1849 1480 1891; baseline -0.01 -6"><span class='ocrx_word' id='word_1_416' title='bbox 223 1860 254 1885; x_wconf 86' lang='lat'>12</span> <span class='ocrx_word' id='word_1_417' title='bbox 279 1858 387 1891; x_wconf 86' lang='lat' dir='ltr'>colligit]</span> <span class='ocrx_word' id='word_1_418' title='bbox 411 1857 430 1883; x_wconf 92' lang='lat' dir='ltr'><em>I</em></span> <span class='ocrx_word' id='word_1_419' title='bbox 452 1854 677 1887; x_wconf 65' lang='lat' dir='ltr'>(RCNHS„›1P2),</span> <span class='ocrx_word' id='word_1_420' title='bbox 707 1854 840 1886; x_wconf 84' lang='lat' dir='ltr'>colligitur</span> <span class='ocrx_word' id='word_1_421' title='bbox 864 1852 896 1879; x_wconf 90' lang='lat' dir='ltr'>II</span> <span class='ocrx_word' id='word_1_422' title='bbox 919 1852 1029 1885; x_wconf 85' lang='lat' dir='ltr'><em>(LGP¹‚</em></span> <span class='ocrx_word' id='word_1_423' title='bbox 1055 1852 1194 1885; x_wconf 82' lang='lat' dir='ltr'>collegitur</span> <span class='ocrx_word' id='word_1_424' title='bbox 1216 1850 1255 1883; x_wconf 67' lang='lat' dir='ltr'>M)</span> <span class='ocrx_word' id='word_1_425' title='bbox 1359 1849 1406 1876; x_wconf 88' lang='lat' dir='ltr'>ubi</span> <span class='ocrx_word' id='word_1_426' title='bbox 1430 1857 1480 1875; x_wconf 84' lang='lat' dir='ltr'>om.</span> 
     </span>
     <span class='ocr_line' id='line_1_38' title="bbox 222 1892 1483 1931; baseline -0.01 -3"><span class='ocrx_word' id='word_1_427' title='bbox 222 1900 277 1928; x_wconf 86' lang='lat' dir='ltr'>LM</span> <span class='ocrx_word' id='word_1_428' title='bbox 381 1902 412 1926; x_wconf 81' lang='lat'>13</span> <span class='ocrx_word' id='word_1_429' title='bbox 434 1899 580 1929; x_wconf 81' lang='lat' dir='ltr'>minimum]</span> <span class='ocrx_word' id='word_1_430' title='bbox 597 1897 710 1931; x_wconf 77' lang='lat' dir='ltr'>firmare</span> <span class='ocrx_word' id='word_1_431' title='bbox 728 1896 833 1923; x_wconf 79' lang='lat' dir='ltr'>videtur</span> <span class='ocrx_word' id='word_1_432' title='bbox 853 1896 980 1931; x_wconf 77' lang='lat' dir='ltr'>Capella.-</span> <span class='ocrx_word' id='word_1_433' title='bbox 1004 1896 1144 1929; x_wconf 81' lang='lat' dir='ltr'>angustior</span> <span class='ocrx_word' id='word_1_434' title='bbox 1162 1894 1260 1926; x_wconf 80' lang='lat' dir='ltr'>(ltalia)</span> <span class='ocrx_word' id='word_1_435' title='bbox 1277 1892 1422 1927; x_wconf 88' lang='lat' dir='ltr'>plurimum</span> <span class='ocrx_word' id='word_1_436' title='bbox 1442 1894 1483 1916; x_wconf 83' lang='lat' dir='ltr'>est</span> 
     </span>
     <span class='ocr_line' id='line_1_39' title="bbox 222 1934 1484 1978; baseline -0.009 -7"><span class='ocrx_word' id='word_1_437' title='bbox 222 1945 257 1971; x_wconf 86' lang='lat' dir='ltr'>ad</span> <span class='ocrx_word' id='word_1_438' title='bbox 270 1945 378 1978; x_wconf 89' lang='lat' dir='ltr'>portum</span> <span class='ocrx_word' id='word_1_439' title='bbox 392 1950 470 1976; x_wconf 87' lang='lat' dir='ltr'>quem</span> <span class='ocrx_word' id='word_1_440' title='bbox 483 1940 644 1967; x_wconf 84' lang='lat' dir='ltr'>Hannibalis</span> <span class='ocrx_word' id='word_1_441' title='bbox 658 1943 749 1966; x_wconf 83' lang='lat' dir='ltr'>castra</span> <span class='ocrx_word' id='word_1_442' title='bbox 762 1939 862 1971; x_wconf 83' lang='lat' dir='ltr'>dicunt,</span> <span class='ocrx_word' id='word_1_443' title='bbox 882 1946 944 1965; x_wconf 82' lang='lat' dir='ltr'>nam</span> <span class='ocrx_word' id='word_1_444' title='bbox 957 1939 1003 1964; x_wconf 84' lang='lat' dir='ltr'>vix</span> <span class='ocrx_word' id='word_1_445' title='bbox 1016 1939 1053 1965; x_wconf 89' lang='lat' dir='ltr'>ibi</span> <span class='ocrx_word' id='word_1_446' title='bbox 1067 1946 1141 1964; x_wconf 77' lang='lat' dir='ltr'>cxxx</span> <span class='ocrx_word' id='word_1_447' title='bbox 1155 1937 1262 1963; x_wconf 88' lang='lat' dir='ltr'>milibus</span> <span class='ocrx_word' id='word_1_448' title='bbox 1280 1943 1409 1969; x_wconf 84' lang='lat' dir='ltr'>passuum</span> <span class='ocrx_word' id='word_1_449' title='bbox 1427 1934 1484 1960; x_wconf 80' lang='lat' dir='ltr'>lata</span> 
     </span>
     <span class='ocr_line' id='line_1_40' title="bbox 223 1976 1483 2021; baseline -0.01 -7"><span class='ocrx_word' id='word_1_450' title='bbox 223 1990 279 2014; x_wconf 84' lang='lat' dir='ltr'>est:</span> <span class='ocrx_word' id='word_1_451' title='bbox 298 1987 450 2021; x_wconf 77' lang='lat' dir='ltr'>requiritur</span> <span class='ocrx_word' id='word_1_452' title='bbox 468 1983 592 2015; x_wconf 85' lang='lat' dir='ltr'>medium,</span> <span class='ocrx_word' id='word_1_453' title='bbox 611 1990 673 2008; x_wconf 74' lang='lat' dir='ltr'>nam</span> <span class='ocrx_word' id='word_1_454' title='bbox 692 1982 808 2008; x_wconf 76' lang='lat' dir='ltr'>latitudo</span> <span class='ocrx_word' id='word_1_455' title='bbox 823 2002 828 2007; x_wconf 95' lang='lat'>.</span> <span class='ocrx_word' id='word_1_456' title='bbox 845 2002 850 2007; x_wconf 92' lang='lat'><em>.</em></span> <span class='ocrx_word' id='word_1_457' title='bbox 865 2002 871 2008; x_wconf 90' lang='lat'><strong>.</strong></span> <span class='ocrx_word' id='word_1_458' title='bbox 885 1981 971 2007; x_wconf 79' lang='lat' dir='ltr'>media</span> <span class='ocrx_word' id='word_1_459' title='bbox 990 1988 1095 2006; x_wconf 74' lang='lat' dir='ltr'>cxxxw</span> <span class='ocrx_word' id='word_1_460' title='bbox 1110 1980 1217 2006; x_wconf 76' lang='lat' dir='ltr'>Plinius</span> <span class='ocrx_word' id='word_1_461' title='bbox 1270 1981 1326 2009; x_wconf 79' lang='lat' dir='ltr'>sex]</span> <span class='ocrx_word' id='word_1_462' title='bbox 1346 1986 1393 2004; x_wconf 80' lang='lat' dir='ltr'>sex</span> <span class='ocrx_word' id='word_1_463' title='bbox 1411 1976 1483 2002; x_wconf 79' lang='lat' dir='ltr'>milia</span> 
     </span>
     <span class='ocr_line' id='line_1_41' title="bbox 224 2021 1482 2061; baseline -0.009 -5"><span class='ocrx_word' id='word_1_464' title='bbox 224 2028 275 2056; x_wconf 87' lang='grc' dir='ltr'>ΑΡ</span> <span class='ocrx_word' id='word_1_465' title='bbox 327 2031 358 2055; x_wconf 82' lang='lat'>14</span> <span class='ocrx_word' id='word_1_466' title='bbox 372 2035 450 2061; x_wconf 88' lang='lat' dir='ltr'>quam</span> <span class='ocrx_word' id='word_1_467' title='bbox 464 2028 487 2053; x_wconf 82' lang='grc' dir='ltr'><em>Α</em></span> <span class='ocrx_word' id='word_1_468' title='bbox 540 2026 578 2057; x_wconf 85' lang='lat' dir='ltr'>xl]</span> <span class='ocrx_word' id='word_1_469' title='bbox 594 2025 644 2052; x_wconf 79' lang='grc' dir='ltr'>ΗΑ</span> <span class='ocrx_word' id='word_1_470' title='bbox 661 2028 687 2051; x_wconf 74' lang='lat' dir='ltr'>el</span> <span class='ocrx_word' id='word_1_471' title='bbox 701 2024 789 2050; x_wconf 71' lang='lat' dir='ltr'>Guido</span> <span class='ocrx_word' id='word_1_472' title='bbox 804 2023 924 2050; x_wconf 78' lang='lat' dir='ltr'>Pisanus</span> <span class='ocrx_word' id='word_1_473' title='bbox 941 2032 970 2058; x_wconf 84' lang='lat' dir='ltr'>p.</span> <span class='ocrx_word' id='word_1_474' title='bbox 985 2026 1034 2050; x_wconf 80' lang='lat'>456</span> <span class='ocrx_word' id='word_1_475' title='bbox 1049 2022 1143 2049; x_wconf 74' lang='lat' dir='ltr'>Parclz.</span> <span class='ocrx_word' id='word_1_476' title='bbox 1158 2031 1195 2049; x_wconf 66' lang='lat' dir='ltr'>ex</span> <span class='ocrx_word' id='word_1_477' title='bbox 1212 2021 1400 2049; x_wconf 76' lang='lat' dir='ltr'>emendatione</span> <span class='ocrx_word' id='word_1_478' title='bbox 1412 2022 1482 2054; x_wconf 80' lang='lat' dir='ltr'>puto</span> 
     </span>
     <span class='ocr_line' id='line_1_42' title="bbox 226 2062 1485 2101; baseline -0.01 -2"><span class='ocrx_word' id='word_1_479' title='bbox 226 2080 286 2098; x_wconf 83' lang='lat' dir='ltr'>cum</span> <span class='ocrx_word' id='word_1_480' title='bbox 298 2071 373 2098; x_wconf 81' lang='lat' dir='ltr'>libris</span> <span class='ocrx_word' id='word_1_481' title='bbox 383 2070 469 2097; x_wconf 78' lang='lat' dir='ltr'>Plinii</span> <span class='ocrx_word' id='word_1_482' title='bbox 479 2067 636 2095; x_wconf 77' lang='lat' dir='ltr'>melioribus</span> <span class='ocrx_word' id='word_1_483' title='bbox 645 2069 692 2098; x_wconf 80' lang='lat' dir='ltr'>(xx</span> <span class='ocrx_word' id='word_1_484' title='bbox 702 2066 860 2099; x_wconf 70' lang='lat' dir='ltr'>deteriores)</span> <span class='ocrx_word' id='word_1_485' title='bbox 869 2070 895 2092; x_wconf 85' lang='lat' dir='ltr'>el</span> <span class='ocrx_word' id='word_1_486' title='bbox 908 2066 1035 2101; x_wconf 79' lang='lat' dir='ltr'>Capellae</span> <span class='ocrx_word' id='word_1_487' title='bbox 1046 2069 1069 2097; x_wconf 89' lang='grc'>6,</span> <span class='ocrx_word' id='word_1_488' title='bbox 1081 2068 1140 2095; x_wconf 78' lang='grc'>649,</span> <span class='ocrx_word' id='word_1_489' title='bbox 1155 2073 1219 2091; x_wconf 78' lang='lat' dir='ltr'>cccc</span> <span class='ocrx_word' id='word_1_490' title='bbox 1233 2064 1277 2090; x_wconf 81' lang='lat' dir='ltr'>uel</span> <span class='ocrx_word' id='word_1_491' title='bbox 1288 2062 1485 2097; x_wconf 75' lang='lat' dir='ltr'>quadringenta</span> 
     </span>
     <span class='ocr_line' id='line_1_43' title="bbox 225 2104 1484 2145; baseline -0.008 -5"><span class='ocrx_word' id='word_1_492' title='bbox 225 2113 244 2139; x_wconf 93' lang='lat' dir='ltr'><em>I</em></span> <span class='ocrx_word' id='word_1_493' title='bbox 260 2116 285 2140; x_wconf 77' lang='lat' dir='ltr'>ct</span> <span class='ocrx_word' id='word_1_494' title='bbox 298 2111 540 2145; x_wconf 64' lang='lat' dir='ltr'><em>IMRGNLMGS)</em></span> <span class='ocrx_word' id='word_1_495' title='bbox 605 2113 634 2137; x_wconf 88' lang='grc'>15</span> <span class='ocrx_word' id='word_1_496' title='bbox 654 2113 682 2136; x_wconf 86' lang='lat' dir='ltr'>at</span> <span class='ocrx_word' id='word_1_497' title='bbox 700 2118 752 2135; x_wconf 82' lang='lat' dir='ltr'>om,</span> <span class='ocrx_word' id='word_1_498' title='bbox 772 2108 825 2134; x_wconf 74' lang='lat' dir='ltr'>MS</span> <span class='ocrx_word' id='word_1_499' title='bbox 888 2111 918 2134; x_wconf 78' lang='grc'>16</span> <span class='ocrx_word' id='word_1_500' title='bbox 938 2109 1095 2135; x_wconf 84' lang='lat' dir='ltr'>circumitus</span> <span class='ocrx_word' id='word_1_501' title='bbox 1114 2108 1163 2133; x_wconf 75' lang='lat' dir='ltr'>NS</span> <span class='ocrx_word' id='word_1_502' title='bbox 1221 2107 1305 2132; x_wconf 75' lang='lat' dir='ltr'>uicies</span> <span class='ocrx_word' id='word_1_503' title='bbox 1325 2104 1484 2139; x_wconf 75' lang='lat' dir='ltr'>quadragies</span> 
     </span>
    </p>
   </div>
   <div class='ocr_carea' id='block_1_6' title="bbox 225 2153 1485 2238">
    <p class='ocr_par' dir='ltr' id='par_1_7' title="bbox 225 2153 1485 2238">
     <span class='ocr_line' id='line_1_44' title="bbox 225 2153 1485 2197; baseline -0.008 -6"><span class='ocrx_word' id='word_1_504' title='bbox 225 2165 320 2191; x_wconf 85' lang='lat' dir='ltr'>nonies</span> <span class='ocrx_word' id='word_1_505' title='bbox 331 2164 487 2197; x_wconf 77' lang='lat' dir='ltr'>(noniesque</span> <span class='ocrx_word' id='word_1_506' title='bbox 497 2163 556 2194; x_wconf 82' lang='lat' dir='ltr'>LP)</span> <span class='ocrx_word' id='word_1_507' title='bbox 570 2164 684 2189; x_wconf 84' lang='lat' dir='ltr'>centena</span> <span class='ocrx_word' id='word_1_508' title='bbox 697 2161 760 2187; x_wconf 80' lang='lat' dir='ltr'>libri</span> <span class='ocrx_word' id='word_1_509' title='bbox 772 2159 844 2185; x_wconf 82' lang='lat' dir='ltr'>nolis</span> <span class='ocrx_word' id='word_1_510' title='bbox 857 2168 1028 2186; x_wconf 77' lang='lat' dir='ltr'>numerorum</span> <span class='ocrx_word' id='word_1_511' title='bbox 1045 2153 1096 2193; x_wconf 63' lang='grc' dir='ltr'>1Ξῖ1</span> <span class='ocrx_word' id='word_1_512' title='bbox 1116 2153 1185 2184; x_wconf 61' lang='lat' dir='ltr'>ffix</span> <span class='ocrx_word' id='word_1_513' title='bbox 1205 2157 1275 2183; x_wconf 74' lang='lat' dir='ltr'>male</span> <span class='ocrx_word' id='word_1_514' title='bbox 1292 2157 1396 2187; x_wconf 81' lang='lat' dir='ltr'>solutis,</span> <span class='ocrx_word' id='word_1_515' title='bbox 1415 2164 1485 2190; x_wconf 80' lang='lat' dir='ltr'>quos</span> 
     </span>
     <span class='ocr_line' id='line_1_45' title="bbox 226 2200 1484 2238; baseline -0.006 -6"><span class='ocrx_word' id='word_1_516' title='bbox 226 2214 352 2233; x_wconf 77' lang='lat' dir='ltr'>numeros</span> <span class='ocrx_word' id='word_1_517' title='bbox 365 2205 533 2232; x_wconf 74' lang='lat' dir='ltr'>restituimus</span> <span class='ocrx_word' id='word_1_518' title='bbox 546 2204 658 2231; x_wconf 80' lang='lat' dir='ltr'>ducibus</span> <span class='ocrx_word' id='word_1_519' title='bbox 669 2203 760 2229; x_wconf 79' lang='lat' dir='ltr'>Plinio</span> <span class='ocrx_word' id='word_1_520' title='bbox 772 2202 867 2234; x_wconf 66' lang='lat' dir='ltr'>(Hit-c.)</span> <span class='ocrx_word' id='word_1_521' title='bbox 880 2208 904 2228; x_wconf 81' lang='lat' dir='ltr'>el</span> <span class='ocrx_word' id='word_1_522' title='bbox 917 2203 1027 2238; x_wconf 73' lang='lat' dir='ltr'>Capella</span> <span class='ocrx_word' id='word_1_523' title='bbox 1039 2205 1062 2233; x_wconf 83' lang='lat'>6,</span> <span class='ocrx_word' id='word_1_524' title='bbox 1072 2204 1130 2227; x_wconf 71' lang='lat'>(340.</span> <span class='ocrx_word' id='word_1_525' title='bbox 1156 2200 1317 2234; x_wconf 75' lang='lat' dir='ltr'>Requiritm·</span> <span class='ocrx_word' id='word_1_526' title='bbox 1331 2203 1484 2234; x_wconf 75' lang='lat' dir='ltr'>lamcnpro</span> 
     </span>
    </p>
   </div>
  </div>
 </body>
</html>
