1593 2409
643 91 719 119 LVII

180 184 266 223 latis',
290 191 323 216 ut
341 186 389 221 ait,
409 181 551 223 ‘quatuor
568 177 787 218 exemplaribus
804 169 1031 213 antiquissimis'
1059 177 1086 201 et
1103 169 1315 210 praefationem

181 239 311 279 spuriam
342 241 371 267 et
400 237 429 265 in
461 233 627 274 appendice
662 229 754 259 varias
782 227 925 257 lectiones
961 225 1073 263 aliquot
1103 232 1137 251 ex
1167 218 1319 250 codicibus

182 291 304 331 petitaS,
335 296 459 327 quarum
488 291 587 315 tamen
617 283 646 312 in
679 281 741 319 ipsa
771 279 901 309 editione
933 275 1087 314 vestigium
1118 282 1172 311 ego
1203 270 1317 300 nullum

184 341 314 381 repperi.

58 396 118 426 155
144 392 274 423 venetiis
298 400 350 430 per
373 389 523 420 Nicolaum
548 387 656 416 Ienson
681 382 825 412 Gallicum
851 379 943 409 1473.
1005 375 1159 414 inscriptio
1184 377 1252 412 post
1275 372 1320 400 in—

186 445 280 473 dicem
298 441 510 481 capitulorum:
536 437 607 467 Iulii
622 434 718 465 Solz‘nz·
733 434 765 463 de
788 433 845 461 situ
862 430 941 459 orbis
957 433 1104 458 terrarum
1127 431 1154 455 et
1175 432 1321 454 memora-

187 495 289 526 bilium
312 502 382 533 quae
404 491 507 522 mundi
529 488 638 518 ambitu
662 486 845 516 continentur
861 481 940 510 liber.
985 477 1126 518 praefatio
1151 474 1251 514 spuria
1275 473 1323 502 hic

188 555 307 585 quoque
332 544 423 574 abest.
448 541 643 579 archetypum
666 535 801 575 proxime
829 531 951 562 accessit
974 531 1009 560 ad
1033 529 1164 559 codicem
1190 529 1323 556 nostrum

190 608 219 627 n.
244 598 284 628 38
308 594 542 625 Londiniensem
567 587 802 619 Arundelianum
826 587 854 615 5.

64 651 124 681 156
148 648 301 679 Bononiae
326 657 355 676 n.
382 646 462 677 1500
494 651 563 673 cura
594 639 720 678 Philippi
745 636 890 667 Bet-oaldi.
936 634 960 663 is
990 630 1135 670 expressit
1165 627 1324 657 editionem

192 699 333 729 Venetam
357 707 382 726 a.
409 697 499 730 1473,
524 694 575 724 sed
598 692 646 721 liic
669 690 727 720 illic
750 693 863 718 textum
887 683 1062 716 emendavit.

66 754 125 783 157
151 750 322 780 Florentina
346 748 465 778 Iuntina
489 755 514 775 a.
541 744 633 776 1519.
680 741 761 770 adest
784 744 852 769 ante
876 737 1036 776 genuinam
1061 731 1203 772 praefatio
1230 728 1329 768 spuria

193 801 376 840 praescripto
401 798 505 828 titulo:
531 795 628 826 Solini
649 792 767 833 epistola
792 791 829 820 ad
845 790 963 819 Antium
980 796 1016 816 eac
1031 785 1222 815 vetustissimo
1239 781 1330 810 codice

194 853 341 892 descripta.
382 850 515 888 sequitur
531 848 561 877 in
579 846 752 876 universum
769 842 929 872 editionem
947 837 1125 878 principem,
1149 834 1201 864 sed
1223 832 1331 872 passim

194 908 291 934 textus
313 902 462 942 reperitur
485 902 624 929 mutatus.

154 955 347 985 vindobonae
372 962 397 982 a.
425 953 506 983 1520
531 958 584 988 per
607 947 669 976 1011.
695 946 868 976 Camertem.

75 1009 132 1039 158
162 1006 286 1037 Pictavis
310 1015 334 1034 a.
355 1006 436 1036 1554
462 1001 571 1042 prodiit
598 999 627 1029 C.
644 998 717 1028 Iulii
736 996 830 1026 Solini
850 993 1009 1033 polyhistor
1024 999 1060 1019 ea:
1075 989 1201 1028 antiquis
1224 985 1336 1015 Burde-

200 1058 359 1097 9alensium
392 1055 657 1084 Dominicanormn
689 1047 830 1078 codicibus
854 1048 895 1075 ita
926 1045 1090 1075 restitutus,
1119 1044 1152 1069 ut
1174 1047 1252 1068 nunc
1272 1038 1336 1076 pri-

202 1118 282 1139 mum
299 1113 385 1137 italus
401 1111 425 1135 ec
439 1106 529 1135 editus
548 1103 641 1132 videri
653 1101 743 1140 possit
759 1107 829 1127 cura
846 1096 926 1125 Eliae
944 1093 1052 1123 Vineti.
1085 1092 1119 1120 de
1136 1089 1287 1119 codicibus
1304 1088 1338 1117 iis

203 1160 330 1189 diximus
353 1168 381 1197 p.
398 1157 468 1191 Lll;
494 1163 586 1194 pauca
610 1152 677 1182 inde
705 1148 869 1188 adsumpsit
891 1147 1012 1175 Vinetus
1034 1145 1262 1182 repraesentans
1278 1140 1340 1168 fere

202 1210 362 1240 Iuntinam.

162 1262 300 1293 Claudius
323 1259 481 1290 Salmasius
499 1256 634 1286 Solinum
659 1253 749 1283 edidit
766 1250 883 1281 Parisiis
899 1258 924 1278 a.
944 1248 1035 1282 1629,
1060 1254 1135 1284 quae
1159 1243 1246 1272 editio
1270 1250 1340 1271 cura

207 1312 306 1343 Pitisci
337 1310 461 1350 repetita
488 1312 532 1338 cst
555 1305 682 1336 Traiecti
705 1303 740 1333 ad
763 1303 900 1332 Rhenum
918 1309 942 1329 a.
970 1298 1061 1330 1689.
1118 1299 1238 1335 praeter
1261 1302 1342 1322 com-

205 1363 366 1394 mentarios
396 1361 547 1390 doctrinae
577 1366 664 1395 saepe
696 1354 854 1388 molestae,
891 1352 941 1381 sed
976 1355 1074 1378 tamen
1106 1347 1254 1386 perfectae
1288 1353 1344 1373 nec

206 1415 291 1446 facile
321 1411 505 1452 superandae
536 1412 708 1448 apparatum
734 1413 852 1444 quoque
877 1402 1012 1432 criticum
1037 1400 1079 1428 vir
1109 1406 1242 1428 summus
1272 1405 1345 1425 con-

209 1466 297 1506 gessit
314 1471 500 1502 nequaquam
518 1458 731 1500 spernendum,
753 1466 824 1486 usus
841 1453 1014 1494 praesertim
1031 1450 1114 1480 libris
1131 1447 1272 1478 parisinis
1296 1446 1346 1484 11111

211 1517 297 1547 nobis
321 1520 391 1545 sunt
415 1515 440 1543 P
462 1518 491 1542 et
518 1512 558 1547 M,
584 1511 634 1540 sed
667 1518 765 1546 neque
799 1517 831 1536 ea
855 1515 913 1544 qua
936 1513 990 1543 par
1013 1507 1057 1532 est
1080 1499 1245 1530 constantia
1269 1498 1348 1527 Soli-

213 1577 284 1597 uum
317 1565 467 1596 recensuit
497 1572 594 1601 neque
624 1559 838 1590 commentario
862 1556 970 1585 variam
993 1553 1152 1583 lectionem
1175 1553 1349 1590 perpetuam

212 1618 343 1649 inseruit.

177 1671 219 1701 De
252 1670 381 1700 editione
411 1676 475 1696 mea
506 1665 606 1704 priore
638 1663 713 1692 edita
744 1659 874 1690 Berolini
905 1668 930 1687 a.
958 1657 1039 1688 1864
1069 1663 1143 1693 quac
1173 1657 1234 1682 tum
1266 1661 1351 1690 prae-

85 1725 164 1753 fatus
187 1732 263 1757 sum,
287 1721 344 1750 hoc
366 1720 431 1749 loco
456 1716 614 1756 repetenda
638 1723 701 1743 esse
728 1712 808 1741 duxi.
847 1707 963 1739 ‘habuit
979 1707 1022 1736 vel
1040 1716 1072 1736 ea
1096 1714 1148 1735 sua
1172 1705 1238 1733 fata.
1279 1712 1352 1732 con-

82 1772 193 1805 ‘silium
224 1776 365 1812 ceperant
388 1769 481 1800 Solini
505 1763 739 1805 recognoscendi
765 1763 868 1792 eodem
892 1765 1025 1798 tempore
1049 1757 1170 1787 Carolus
1187 1755 1354 1785 Ludovicus

86 1825 178 1856 ‘Roth
204 1824 333 1854 Basileae
365 1827 394 1852 et
422 1821 566 1850 Gustavus
595 1817 720 1854 Parthey
744 1813 890 1843 Berolini:
921 1820 990 1840 mox
1018 1818 1087 1838 vero
1118 1808 1166 1837 hic
1196 1807 1231 1836 de
1255 1805 1353 1835 Rotliii

86 1875 224 1907 ‘consilio
256 1875 365 1904 certior
394 1874 488 1902 sactus
519 1879 594 1908 quae
624 1868 658 1897 ad
689 1875 753 1896 eam
783 1874 845 1894 rem
873 1866 990 1902 pararat
1012 1859 1120 1890 Rothio
1145 1863 1251 1897 sponte
1275 1857 1354 1886 douo

86 1925 216 1958 ‘obtulit
256 1923 479 1965 quaellothius
503 1922 541 1951 ita
563 1919 685 1957 aceepit,
710 1922 741 1947 ut
765 1917 789 1946 si
813 1915 883 1954 quid
907 1913 962 1943 sibi
987 1911 1156 1945 accidisset,
1180 1909 1356 1939 collectane-

87 1977 189 2010 ‘orum
212 1987 333 2008 suorum
358 1975 579 2006 Solinianorum
603 1969 774 2000 Partheium
805 1965 945 1996 heredem
969 1964 1087 1992 faceret.
1134 1970 1225 1999 quare
1248 1959 1358 1989 Rotliio

89 2029 198 2061 ‘morte
222 2030 376 2059 immatura
402 2035 456 2055 nec
480 2021 655 2053 necessariis
680 2020 742 2049 eius
772 2018 842 2048 solis
865 2015 992 2054 lugenda
1016 2014 1104 2053 paulo
1128 2017 1196 2051 post
1219 2012 1359 2040 defuncto

90 2080 137 2121 ‘(†
160 2091 186 2111 a.
212 2081 293 2112 1860
319 2079 372 2108 lul.
399 2079 448 2112 16)
478 2074 632 2104 redierunt
654 2071 688 2100 ad
714 2069 884 2099 Partheium
909 2066 1061 2096 Soliniana
1091 2074 1151 2093 non
1177 2063 1273 2092 solum
1298 2070 1360 2095 5113,

92 2131 158 2163 ‘sed
189 2132 273 2161 etiam
304 2129 466 2163 Rotliiana,
499 2124 682 2165 praeclarum
712 2130 782 2151 sane
812 2121 927 2149 suturae
958 2116 1095 2146 editionis
1124 2114 1361 2143 fundamentum.

94 2180 236 2213 ‘tractare
253 2181 343 2219 igitur
365 2178 463 2217 coepit
478 2176 633 2207 Partheius
649 2173 795 2207 Solinum,
819 2179 908 2209 quem
931 2167 1145 2207 superadderet
1167 2169 1211 2194 tot
1233 2162 1362 2192 auctori-
