1593 2409
714 107 773 134 CIV

201 199 231 219 -o
249 195 275 219 et
291 201 356 221 —um
373 191 403 220 in
422 191 500 220 exitu
515 192 725 222 vocabulorum
742 193 793 223 ubi
809 199 1015 232 permutantur
1026 195 1073 237 (ut
1089 197 1160 234 201,
1174 200 1211 230 10
1224 199 1253 228 in
1267 200 1368 230 codice

362 242 417 278 N),
442 247 598 281 apparatus
621 243 650 272 id
673 244 790 274 indicat.
835 245 902 274 libri
926 247 1019 276 nostri
1042 251 1073 276 ut
1093 247 1127 276 ab
1144 257 1178 277 eo
1195 249 1369 280 soloecismo

361 292 423 321 fere
453 292 620 329 abstinent,
650 295 687 324 ita
718 295 873 325 verisimile
902 301 946 326 est
974 298 1004 327 in
1035 298 1194 338 archetypo
1219 303 1369 331 communi

360 343 469 382 passim
500 354 567 374 euin
597 345 723 375 adfuisse
753 351 782 376 et
811 347 959 378 sublatum
989 358 1052 379 esse
1081 358 1096 378 a
1122 349 1248 380 librariis
1271 357 1370 390 poste-

361 394 447 424 rioris
469 396 571 425 aetatis

199 461 231 482 oe
253 452 283 481 in
309 453 337 482 R
361 453 518 484 admodum
535 464 651 485 rarum:
668 457 845 496 plerumque
857 458 1077 489 substituuntur
1093 469 1107 489 e
1121 460 1167 489 vel
1182 469 1232 490 ae:
1250 470 1370 491 amenus

361 521 401 525 -—
424 506 549 535 comedia
576 523 612 527 —
638 509 752 537 maenia
778 525 814 529 —
836 509 982 548 praelium

198 561 212 590 b
236 566 263 591 et
286 572 320 592 u:

318 614 425 652 passim
449 620 632 653 permutatae
655 618 685 646 in
711 619 777 647 BC:
808 619 872 648 albo
895 637 935 641 —
958 620 1149 650 ueuibolentia
1174 638 1213 642 —
1239 622 1369 652 cz'bz'lz'bus

360 681 401 685 —
425 665 540 695 deborat
562 684 603 688 —
626 669 763 698 eac-cabant
787 686 827 690 —-
851 670 950 700 nobem
966 689 1006 692 —
1021 671 1128 701 nobum
1150 688 1191 693 —
1214 673 1311 702 octaba
1326 692 1368 696 —

360 716 426 745 bene
442 732 481 740 =
499 727 591 747 venae
608 736 649 739 —-
666 719 751 749 betut't
768 738 808 742 —-
824 721 934 758 botum;
952 722 1020 751 item
1037 723 1095 751 ciui
1109 739 1150 743 —-
1166 723 1312 761 fauricam
1327 742 1366 746 —

353 772 454 805 prenet
476 785 517 789 --
540 769 640 799 urebz'a
663 784 704 794 =
727 771 825 801 brevia
850 773 899 808 48,
920 775 966 803 15.

194 824 208 852 b
233 829 261 853 et
279 834 317 863 p:

309 877 422 916 puplr'c-
449 880 471 907 C
491 896 532 900 —
555 885 655 919 optutu
682 882 704 911 C

203 944 216 963 c
239 940 268 964 et
292 935 324 964 d:
349 936 433 965 velud
456 939 573 976 passim,
598 940 648 969 sed
673 950 733 970 non
757 946 928 972 constanter
951 943 980 973 R
1008 961 1049 965 —
1071 944 1187 983 aliquod
1210 949 1239 974 et
1260 944 1367 984 aliquot

356 988 513 1018 confundit
533 990 555 1019 C
571 1007 610 1011 —
627 993 759 1031 quicquid
774 994 835 1022 sere
849 994 890 1029 R;
907 995 1042 1034 quidquid
1058 999 1224 1025 correctum
1241 996 1271 1025 in
1288 998 1365 1035 quic-

354 1039 423 1077 quid
443 1041 550 1079 passim
573 1043 605 1070 N

192 1097 205 1116 c
229 1094 257 1118 et
280 1098 331 1128 qu:
352 1094 519 1130 persequuti
542 1093 570 1121 R

192 1157 204 1175 c
229 1156 256 1179 et
280 1155 304 1179 t:
332 1160 392 1179 non
416 1156 624 1190 permutantur
647 1153 677 1182 in
696 1153 779 1183 libris
796 1155 857 1190 BC,
882 1156 909 1185 id
934 1156 1013 1194 quod
1036 1157 1176 1187 notabile.
1217 1159 1365 1188 adnotavit

354 1201 501 1232 Traubius
517 1204 546 1240 (o
563 1204 655 1233 Roma
673 1204 780 1234 nobilis
796 1215 824 1244 p.
845 1208 880 1237 13
899 1211 959 1236 not.
978 1208 1007 1245 7)
1032 1209 1061 1237 in
1085 1209 1231 1248 scriptura
1248 1209 1364 1249 Lango-

354 1252 472 1282 bardica
503 1254 614 1284 litteras
640 1256 665 1284 tz'
692 1255 747 1291 ibi⁷
779 1256 829 1285 ubi
858 1259 1097 1295 pronuntiandae
1127 1265 1225 1290 essent
1253 1272 1302 1297 τι,
1332 1266 1365 1291 ιη

354 1304 383 1332 in
407 1307 507 1343 yerztz's,
532 1306 572 1335 sic
596 1306 731 1335 formari:
759 1317 817 1347 or),
848 1308 888 1337 ibi
912 1314 1024 1345 autem,
1052 1310 1102 1340 uhi
1126 1313 1363 1349 pronuntiandae

354 1353 393 1391 ζι,
418 1360 449 1384 ut
472 1356 502 1385 in
521 1359 655 1393 nationis,
680 1358 735 1387 sic:
762 1368 801 1398 «ἢ,
825 1359 923 1398 itaque
939 1360 969 1389 in
987 1361 1138 1391 codicibus
1155 1362 1189 1391 ad
1206 1372 1269 1392 eam
1286 1364 1364 1394 litte-

354 1411 483 1436 raturam
513 1408 653 1443 exaratis,
688 1409 789 1447 quales
822 1416 892 1440 sunt
920 1412 1020 1450 scripti
1052 1412 1163 1449 Casini,
1193 1419 1363 1454 corruptam

353 1458 530 1496 scripturam
554 1461 684 1488 nacionis
707 1461 815 1489 evitari.

190 1506 209 1544 f
229 1513 256 1536 et
274 1507 330 1546 ph:
651 1548 653 1550 q

308 1559 328 1596 f
347 1568 401 1597 pro
422 1559 461 1599 ph
484 1564 657 1590 constanter
680 1562 742 1591 fere
766 1562 808 1592 R:
836 1563 1049 1603 arztlzropofayi,
1073 1564 1232 1605 Fz'ladelfus
1256 1572 1310 1597 eet.

187 1617 204 1646 h
229 1618 302 1647 male
327 1619 433 1648 omissa

310 1670 416 1708 passim
442 1670 509 1700 BC:
538 1664 664 1706 accenuS,
689 1674 810 1702 aurium

308 1724 387 1749 recte
412 1721 472 1749 fere
495 1721 603 1751 harena
627 1723 655 1751 R

187 1770 204 1798 h
227 1770 302 1799 male
330 1771 441 1800 adiecta

306 1822 414 1860 passim
435 1822 477 1851 R:
502 1822 620 1852 adhurit
642 1840 685 1844 —-
706 1823 810 1854 honere
831 1842 873 1846 —
894 1825 1030 1856 humerus
1051 1844 1094 1849 —
1115 1827 1220 1858 humor
1243 1829 1319 1866 (sine
1342 1829 1360 1859 h

353 1874 421 1907 178,
443 1874 488 1902 14.
515 1874 653 1911 18212)

185 1922 202 1950 h
226 1928 254 1952 et
277 1922 324 1952 ch:

306 1973 395 2003 nichil
418 1975 472 2004 HC
494 1992 535 1995 —
558 1975 684 2005 archana
710 1976 734 2005 C

185 2024 203 2053 h
226 2029 254 2053 et
281 2024 323 2053 lh:

305 2076 452 2106 anthiocus
475 2076 500 2105 R
528 2081 698 2107 constanter

182 2136 202 2164 p
226 2126 304 2155 inter
327 2127 397 2157 duas
421 2132 615 2157 comonantes
639 2128 734 2157 addita
756 2129 801 2158 vel
825 2129 931 2159 omissa

301 2180 444 2217 promtius
466 2178 522 2208 RC
536 2196 576 2200 —
594 2184 790 2219 contempnere
815 2179 839 2209 C
