1593 2409
716 96 755 123 IX

110 188 178 218 <lum
201 188 238 225 (c.
260 189 307 222 11,
325 188 376 224 26)
401 191 430 215 et
454 186 583 215 Arlclz'rr'm
605 188 730 214 montem
753 185 790 218 (c.
808 186 858 219 24,
879 185 944 220 15):
969 182 1018 221 qui
1043 191 1110 211 cum
1128 181 1239 211 Plinius
1263 182 1302 219 (4,
1322 182 1371 219 13)

111 240 144 269 in
167 238 273 268 Achaia
295 248 399 268 novem
423 239 567 266 montium
591 237 772 266 notissimum
789 234 944 264 ch'oessam
969 243 1025 263 esse
1047 233 1165 268 scribat,
1190 242 1251 262 non
1276 233 1371 262 solum

112 290 205 329 ipsam
230 289 395 319 Scioessam
426 289 494 318 inde
526 287 612 317 saciat
635 288 727 317 Iocum
756 295 857 315 novem
880 285 994 315 collium
1025 285 1062 322 (c.
1081 286 1108 319 7,
1128 286 1173 320 5),
1205 285 1254 314 sed
1286 284 1372 313 etiam

111 341 207 371 statim
232 341 332 370 nescio
357 341 426 379 quid
450 340 563 379 garrire
587 338 708 377 incipiat
731 338 767 366 de
791 346 946 366 nemorum
971 336 1033 365 eius
1056 336 1216 374 opacitate:
1245 335 1372 374 denique

111 392 162 431 qui
192 401 260 422 cum
287 392 401 421 Plinius
429 393 490 429 (37,
507 391 560 428 46)
591 389 701 419 scribat
727 389 837 418 Neroni
868 387 995 427 principi
1026 387 1148 416 adlatam
1179 396 1242 416 esse
1272 386 1372 415 electri

111 443 225 482 glebam
242 443 309 472 Xlll
333 443 442 482 pondo,
467 443 608 480 deceptus
624 440 813 478 ambiguitate
837 439 932 468 lineae
956 447 1031 477 quae
1056 446 1198 466 numeros
1220 437 1375 475 distinguit

112 498 169 524 tam
187 494 335 533 simplices
352 504 439 533 quam
457 492 646 527 millenarios,
670 491 801 521 effecerit
823 490 892 520 inde
915 491 952 527 (c.
970 491 1020 525 20,
1041 490 1090 526 11)
1115 488 1227 518 donum
1252 488 1373 518 missum

114 555 178 575 esse
195 545 306 574 Neroni
331 546 430 575 electri
448 544 588 574 tredecim
611 543 689 572 milia
712 542 865 572 librarum.
903 551 974 571 sane
991 549 1066 579 quae
1082 540 1181 569 omnia
1204 540 1375 569 dominatur

114 596 248 626 Nemesis
271 606 324 635 per
348 596 427 625 hunc
452 595 677 635 epitomatorem
695 594 854 623 admissum
871 593 951 622 ultus
967 597 1011 622 est
1027 592 1264 630 Theophrastum
1288 591 1373 621 alios-

114 656 172 686 que
196 651 333 677 auctores
357 647 500 686 plurimos
532 657 592 676 000
624 646 716 675 multo
746 644 851 674 melius
882 644 1038 683 aliquando
1066 647 1206 672 tractatos
1229 651 1243 671 a
1268 642 1374 677 Plinio,

113 699 189 728 sicut
226 698 332 728 deinde
368 708 472 728 rursus
503 698 659 727 vindictam
693 697 778 726 Plinii
809 696 905 734 exegit
939 695 975 724 de
1006 695 1109 724 Solino
1143 703 1198 733 per
1228 694 1373 733 Capellam

113 749 338 788 Isidorumque,
369 750 556 779 inventorem
588 750 668 778 illum
693 748 806 778 insulae
835 748 859 777 si
883 747 937 776 diis
960 747 1056 786 placet
1079 746 1177 775 Teode
1201 749 1316 774 creatae
1340 754 1373 774 ex

114 800 276 830 Solinianis
299 810 325 830 c.
343 801 392 836 56,
412 801 449 831 16
474 798 654 842 [proaez'maJe
677 797 787 841 eo(Ie[m
810 796 952 839 nomineJ,
984 799 1064 827 hunc
1087 801 1271 835 repertorem
1297 796 1374 825 lluvii

115 852 220 882 Oscori
245 853 313 882 inde
338 852 471 887 oriundi,
504 852 583 890 quod
607 851 683 891 apud
708 851 842 880 Solinum
868 860 892 880 c.
913 852 970 885 15,
990 851 1028 880 19
1052 853 1159 879 montes
1184 848 1375 882 Moschorum,

113 903 142 933 id
165 907 208 933 est
237 908 303 934 τῶν
328 905 487 943 ,Μόσχωη
512 903 661 933 Plzasz'dem
683 903 823 940 fundunt.
872 902 940 931 talia
974 910 1033 930 non
1061 900 1278 940 praetereunda
1310 899 1374 937 qui-

115 954 182 985 dem
206 959 286 990 sunt,
311 964 377 983 cum
402 960 431 984 et
455 955 584 984 auctoris
608 959 636 983 et
659 953 767 984 saeculi
791 953 906 982 indoles
930 953 998 982 inde
1014 956 1159 991 patescat:
1184 951 1282 980 omnia
1305 959 1374 979 vero

113 1006 201 1036 huius
223 1006 342 1045 generis
366 1015 545 1044 percensere
569 1015 636 1034 cum
661 1015 716 1034 nec
740 1005 834 1043 prosit
858 1013 955 1042 neque
979 1005 1065 1039 iuvet,
1089 1003 1154 1032 talis
1177 1002 1305 1032 auctoris
1329 1002 1374 1030 in-

115 1057 308 1087 sectationem
333 1061 361 1086 et
385 1067 419 1086 ex
444 1057 493 1086 tali
517 1057 601 1086 hoste
624 1057 808 1095 triumphum
832 1056 866 1085 iis
883 1055 1089 1094 relinquimus,
1114 1055 1164 1093 qui
1189 1062 1304 1083 muscas
1326 1062 1375 1081 ve-

116 1112 224 1138 nantur
248 1117 381 1146 quosque
407 1108 515 1137 nullius
544 1117 675 1146 unquam
707 1107 845 1137 victoriae
875 1106 990 1146 puduit.
1020 1122 1061 1127 —-
1096 1105 1219 1144 Origine
1244 1104 1374 1133 Pliniana
1386 1112 1477 1133 Utilitas
1497 1112 1579 1132 Plinia-

115 1168 191 1198 quae
214 1164 284 1189 sunt
308 1164 367 1189 tres
391 1160 452 1188 sere
476 1164 574 1198 partes
597 1159 688 1189 libelli
712 1158 873 1198 implentia,
897 1157 1025 1193 anobis,
1050 1166 1087 1186 ne
1105 1144 1581 1201 0111113111111111013.Εῒ1ᾚῖξ1“ἓῐῗ5ῗῦ

115 1211 252 1241 distincta
269 1215 339 1240 sunt
358 1211 513 1249 adscriptis
532 1211 723 1250 paragraphis
741 1209 883 1239 Plinianis
908 1218 982 1247 quae
999 1208 1159 1238 Solinianis
1182 1208 1374 1246 respondent,
1416 1214 1546 1234 Ptinianam.

115 1271 212 1301 neque
237 1262 287 1291 ulli
308 1271 439 1301 unquam
462 1262 528 1292 usui
552 1263 649 1292 sutura
674 1261 729 1291 nisi
753 1261 789 1290 ad
806 1260 985 1290 fundandam
1010 1259 1154 1289 librorum
1172 1259 1375 1288 Plinianorum

116 1312 362 1342 emendationem.
406 1314 435 1342 in
466 1323 522 1351 qua
555 1314 632 1352 quod
662 1313 757 1342 adhuc
784 1312 904 1341 Solinus
935 1321 1021 1341 suum
1052 1311 1149 1340 locum
1180 1320 1240 1339 non
1270 1310 1375 1344 tenuit,

115 1363 204 1394 habet
227 1365 447 1394 excusationem
470 1369 594 1404 propter
624 1369 796 1394 contextum
820 1363 914 1392 Solini
945 1363 1037 1401 ipsius
1061 1372 1142 1392 nunc
1165 1362 1283 1391 demum
1307 1361 1376 1390 satis

117 1416 293 1446 stabilitum:
319 1416 375 1445 iam
399 1426 468 1445 vero
493 1416 546 1445 hac
571 1416 633 1445 eius
656 1415 861 1453 recognitione
886 1414 1017 1443 instituta
1041 1423 1129 1452 spero
1154 1414 1217 1442 fore
1242 1417 1273 1442 ut
1290 1412 1376 1441 Plinii

116 1467 244 1497 editores
268 1468 358 1497 futuri
382 1467 552 1505 diligentius
569 1467 703 1496 Solinum
721 1466 889 1495 adhibeant.
934 1466 981 1495 hic
997 1466 1108 1503 aliquot
1131 1465 1212 1494 locos
1235 1463 1377 1502 adscripsi

117 1523 347 1553 monstraturos,
371 1519 439 1557 1111111
457 1518 552 1547 adhuc
576 1527 610 1547 ex
628 1517 729 1546 Solino
746 1518 860 1546 Plinius
877 1517 1021 1555 prolicere
1045 1516 1147 1555 possit.
1187 1517 1214 1551 3,
1232 1517 1271 1545 50
1289 1514 1376 1543 verba

118 1569 146 1598 in
172 1569 311 1599 omnibus
341 1570 428 1599 hodie
458 1569 536 1598 notis
560 1569 645 1598 Plinii
677 1568 759 1598 libris
789 1569 832 1598 sic
863 1572 1018 1607 corrupta:
1050 1567 1132 1596 Pisae
1164 1589 1170 1595 .
1189 1589 1220 1595 ..
1252 1571 1331 1595 orecte
1360 1575 1377 1595 (ι

119 1619 219 1660 Pelope
245 1620 372 1660 Pisz'sque
395 1622 453 1650 sive
476 1631 494 1650 a
521 1619 656 1649 Teutanis
681 1619 789 1649 Graeca
815 1624 896 1658 yeme
925 1620 1005 1657 (nam
1035 1627 1121 1657 quam
1153 1618 1216 1646 eius
1246 1617 1304 1646 loci
1327 1626 1376 1646 ex-

116 1671 304 1711 plicationem
329 1672 484 1711 proposuit
508 1671 668 1700 Salmasius
696 1671 725 1700 in
751 1671 843 1700 Solin.
868 1679 896 1709 p.
914 1671 971 1705 43,
1001 1680 1033 1699 ea
1066 1670 1136 1699 mihi
1167 1669 1285 1708 quidem
1317 1677 1375 1697 non

117 1722 271 1762 probatur)
288 1733 322 1753 ex
339 1723 441 1753 Solino
459 1733 486 1762 p.
505 1724 554 1758 32,
572 1724 590 1754 9
608 1722 649 1752 sic
673 1722 884 1751 emendantur:
909 1726 987 1751 ortae
1009 1731 1027 1751 α
1045 1721 1195 1760 Pelopidis.
1212 1737 1252 1741 —
1270 1720 1298 1754 6,
1316 1720 1376 1749 203

117 1775 197 1813 quod
228 1780 271 1804 est
294 1775 323 1804 10
349 1775 482 1804 Parisino
499 1775 582 1806 6795
607 1774 645 1811 (E
660 1773 831 1810 Detlet'seni)
865 1772 1006 1808 ombriou,
1030 1782 1098 1802 cum
1122 1772 1227 1810 reliqui
1251 1771 1379 1800 habeant

119 1826 254 1862 ondrz'on,
279 1826 399 1856 Solinus
424 1827 520 1855 firmat
542 1825 677 1855 scribens
702 1826 791 1860 c.5t3,
808 1826 844 1855 16
865 1825 993 1853 0111011011
1009 1824 1188 1853 similiterve.
1211 1840 1253 1844 —
1277 1823 1373 1856 3271

118 1877 276 1907 lectionem
308 1877 451 1906 librorum
486 1881 673 1906 nostrorum:
703 1878 753 1916 qui
775 1882 871 1905 lamen
895 1876 1000 1905 virides
1030 1875 1088 1912 (vel
1110 1875 1198 1911 uiris)
1227 1875 1307 1902 nasci
1335 1874 1377 1901 υί-

121 1928 225 1958 dentur
247 1929 303 1966 (vel
328 1929 500 1965 nascuntur)
526 1930 661 1967 quoniam
688 1927 747 1958 oleo
776 1927 906 1956 meliores
931 1927 1006 1965 finnt
1037 1926 1101 1955 sine
1127 1925 1218 1955 dubio
1247 1924 1376 1953 hiantem

119 1979 164 2009 vel
194 1984 367 2018 corruptam
398 1984 513 2009 certum
543 1983 587 2009 est
611 1979 744 2008 Solinum
775 1988 833 2007 non
859 1982 926 2007 ante
957 1977 1059 2006 oculos
1083 1977 1219 2006 habuisse
1243 1974 1376 2005 scriben-

118 2035 177 2060 tem
201 2040 226 2061 0.
245 2032 293 2067 15,
311 2032 367 2061 27:
397 2031 445 2060 sed
467 2040 545 2060 mero
569 2031 660 2060 viridi
678 2030 836 2070 proficiunt
860 2028 934 2063 oleo,
965 2031 1095 2068 quamvis
1118 2033 1224 2058 natura
1254 2026 1378 2055 inbuan-

118 2087 176 2117 tur‚
199 2086 228 2111 et
250 2082 310 2112 veri
334 2082 428 2111 simile
451 2082 594 2120 quaedam
618 2081 695 2120 apud
712 2081 840 2110 Plinium
864 2079 1016 2109 excidisse.
1033 2097 1073 2101 —-
1092 2079 1225 2117 Denique
1249 2079 1298 2111 37,
1318 2077 1377 2107 164

119 2132 239 2163 Solinus
262 2143 287 2163 c.
305 2135 340 2168 2,
363 2134 402 2164 43
426 2133 584 2162 lectionem
616 2132 758 2161 librorum
783 2130 936 2160 Leidensis
965 2135 994 2160 et
1024 2129 1214 2159 Laurentiani
1243 2128 1378 2167 fulmini-

120 2183 171 2213 bus
188 2189 213 2213 et
229 2184 348 2223 typhoni
362 2188 462 2214 tuetur
479 2189 583 2214 contra
600 2183 708 2213 librum
724 2182 981 2221 Banibergensem,
996 2182 1024 2211 in
1044 2191 1101 2220 quo
1119 2186 1162 2211 est
1176 2180 1376 2220 fascinationi-
