1706 2446
69 364 120 401 23,
146 366 184 396 15

151 570 189 600 16

160 1030 197 1060 17

805 112 864 140 106

206 210 308 249 panias
339 205 503 246 perfundit,
535 202 691 232 Hibericus
720 202 814 230 fertur
844 204 873 228 et
900 197 1083 226 Balearicus:
1115 194 1164 232 qui
1187 192 1411 222 Narbonensem
1449 193 1461 217 1
1485 198 1528 217 ri„

208 259 406 300 provinciam,
437 256 580 286 Gallicus:
610 263 678 283 mox
708 251 890 290 Ligusticus:
914 247 926 288 ss
949 247 984 276 ab
1015 256 1049 275 eo
1080 246 1114 275 ad
1138 244 1267 274 Siciliam
1290 242 1413 276 Tuscus,
1450 245 1464 268 2
1486 250 1530 269 PL.
1548 240 1575 273 3,
1593 238 1632 268 75

210 321 298 351 quem
316 309 420 340 Graeci
445 308 559 338 lonium
583 305 628 335 vel
652 304 850 343 Tyrrhenum,
875 299 937 329 ltali
961 299 1089 327 inferum
1112 295 1255 325 vocitant:
1280 303 1295 322 a
1319 292 1415 322 Sicilia
1452 296 1466 319 3

209 363 324 393 Cretam
347 369 442 399 usque
459 358 591 389 Siculus:
617 356 685 386 inde
710 353 850 387 Creticus,
868 350 879 391 ss
897 350 947 389 qui
971 350 1000 378 in
1026 347 1223 387 Pamphyliam
1248 350 1276 375 et
1299 346 1415 383 Aegyp·
1452 347 1466 370 4
1490 350 1546 370 iou.

210 420 272 444 tum
302 411 464 452 pertendit:
499 418 573 448 quae
608 415 750 445 aquarum
784 404 877 433 moles
906 407 985 431 torto
1014 401 1043 429 in
1074 397 1308 437 septentrionem
1337 394 1420 434 prius
1457 399 1470 421 5

211 466 316 499 tatere,
346 461 528 492 anu-actibus
558 458 672 497 magnis
701 458 780 486 iuxta
810 454 946 484 Graecias
975 456 1004 481 et
1028 449 1200 489 Hillyricum
1230 456 1284 486 per
1307 445 1419 475 Helles-
1457 450 1471 473 6

210 520 335 556 pontum
360 514 389 544 in
414 511 563 550 angustias
586 509 741 548 stringitur
762 504 963 545 Propontidis:
990 512 1064 541 quae
1089 500 1246 539 Propontis
1270 498 1418 536 Europam
1457 502 1470 524 τ
1493 497 1532 530 cf.
1551 502 1594 522 PL.
1612 492 1640 527 6,
1659 493 1674 521 1

214 568 370 605 Asiamque
395 563 603 594 discriminans
625 561 660 590 ad
679 559 851 590 Maeotidem
877 554 1019 595 pervenit.
1059 561 1160 581 causas
1184 550 1339 579 nominum
1362 557 1422 577 non
1459 552 1473 576 S

215 617 370 649 uniformis
401 615 479 644 dedit
508 614 590 643 ratio.
637 611 794 641 Asiaticum
818 614 847 638 et.
871 607 1051 637 Phoenicum
1076 613 1090 632 a
1114 601 1274 641 provinciis
1297 600 1423 629 dictum:
1459 602 1479 627 9,

216 671 250 700 ab
292 668 396 699 insulis
430 665 618 704 Carpathium
653 664 799 701 Aegaeum
836 659 961 689 icarium
996 655 1177 685 Balearicum
1213 652 1367 691 Cyprium:
1408 660 1423 679 a
1447 654 1474 678 10
1497 645 1676 684 cf.1>1,.4,71.

217 721 356 761 gentibus
397 717 560 747 Ausonium
603 714 794 744 Dalmaticum
831 709 1011 749 Ligusticum
1045 707 1191 735 Tuscum:
1234 703 1269 732 ab
1311 701 1426 741 oppidis
1449 704 1477 728 11

218 772 398 802 Adriaticum
423 768 590 806 Argolicum
616 765 800 796 Corinthium
825 762 959 801 Tyrium:
989 768 1004 787 a
1035 757 1150 787 casibus
1174 755 1325 785 hominum
1350 752 1427 791 Myr-
1451 755 1479 780 12

219 830 300 853 toum
331 822 376 851 vel
400 820 639 858 Hellespontum:
672 826 685 844 a
717 814 856 843 memoria
887 812 963 851 regis
986 810 1116 839 lonium:
1147 817 1162 836 a
1192 806 1274 835 bovis
1305 803 1427 834 transitu
1450 806 1477 831 13
1500 803 1539 837 cf.
1558 809 1601 828 PL.
1619 799 1647 833 6,
1665 799 1681 826 2

218 875 263 905 vel
287 872 429 912 angustiis
446 870 531 899 etiam
548 868 693 898 meatibus
710 867 799 896 boum
817 864 923 903 perviis
941 862 1125 900 Bosphoros:
1149 868 1164 887 a
1187 856 1320 887 moribus
1343 864 1428 884 acco·
1451 857 1479 882 14
1501 854 1541 888 cf.
1558 860 1601 880 PL.
1620 850 1648 885 6,
1668 850 1682 879 1

221 927 314 955 larum
339 923 488 957 Euxinus,
517 920 628 949 Axinos
652 924 719 948 ante
743 915 922 955 appellatus:
946 913 982 942 ab
1007 912 1110 941 ordine
1134 909 1238 939 fluenti
1263 905 1430 945 Propontis.
1453 909 1481 933 15

222 976 398 1016 Aegyptium
429 973 550 1012 pelagus
574 971 657 1001 Asiae
680 970 781 1001 datur5
806 966 946 995 Gallicum
971 963 1123 1001 Europae,
1153 961 1282 990 Africum
1305 958 1431 996 Libyae:
1456 960 1483 984 16

222 1029 266 1058 liis
296 1034 327 1057 ut
357 1034 490 1065 quaeque
521 1022 654 1062 proxima
686 1024 753 1049 sunt
784 1021 928 1047 venerunt
953 1016 982 1045 in
1008 1018 1106 1053 partes
1130 1012 1267 1051 partium.
1305 1010 1377 1038 haec
1400 1008 1429 1037 in
1455 1011 1482 1035 17

224 1077 343 1116 gremiis
371 1080 526 1105 terrarum.
571 1082 637 1103 oras
665 1076 761 1101 autem
793 1069 914 1099 extimas
938 1066 1075 1095 Oceanus
1103 1062 1306 1102 amplectitur,
1336 1059 1386 1098 qui
1419 1068 1433 1087 a
1458 1062 1485 1086 18

225 1128 359 1158 litoribus
389 1127 449 1156 suis
474 1125 615 1155 Arabicus
640 1123 775 1153 Persicus
798 1120 916 1150 Indicus
941 1118 1020 1146 Eous
1045 1115 1163 1145 Sericus
1188 1113 1343 1152 Hyrcanius
1367 1110 1435 1140 Cas·
1460 1114 1486 1138 19

311 1218 415 1246 RCMJ
433 1217 511 1245 LMG
531 1216 616 1247 SAR.-
643 1216 731 1242 Aaou.
751 1212 827 1239 Laid.
852 1211 878 1241 (l.
892 1212 925 1243 o.)
943 1209 979 1236 ατί
999 1211 1026 1234 17
1048 1207 1163 1242 partium
1186 1207 1211 1232 et
1229 1207 1266 1239 (p.
1285 1206 1322 1235 14)
1345 1204 1374 1229 18
1393 1209 1408 1228 a
1427 1201 1489 1227 tito-

227 1264 302 1290 ribus
322 1262 378 1288 suis

314 1322 337 1340 v.
361 1315 389 1339 19
409 1312 664 1346 Hyrcaniis—107,
681 1311 692 1334 1
714 1306 867 1332 Atlanticus
887 1303 1010 1330 adhibuit
1032 1300 1157 1327 Isidorus
1177 1300 1270 1331 13,15,
1285 1300 1308 1323 2.

320 1403 328 1425 1
354 1398 499 1425 baliaricus
518 1396 566 1422 Rc?
634 1394 678 1427 qui
698 1394 725 1419 in
745 1392 801 1418 arb.
823 1390 850 1416 ff
919 1391 933 1414 2
954 1391 994 1419 eo]
1015 1395 1062 1413 eos
1081 1385 1114 1412 M
1182 1386 1196 1410 3
1216 1391 1293 1418 quem
1314 1392 1365 1409 om.
1386 1380 1419 1408 Ca

231 1443 322 1478 graeci
341 1450 392 1469 om.
413 1442 454 1472 [H]
542 1438 644 1465 tonium
667 1437 701 1463 H.
724 1435 815 1461 onium
836 1432 856 1459 S
906 1460 908 1462 v
942 1431 1115 1465 tyrherenum
1137 1427 1158 1453 S
1243 1426 1376 1456 uocitant]
1393 1425 1494 1450 uocant

233 1485 386 1514 SAPLea‘d,
458 1481 545 1509 silicia
564 1480 584 1507 S
654 1481 669 1504 1
695 1480 794 1504 certam
815 1476 836 1502 L
908 1475 1002 1507 usque]
1027 1477 1141 1504 musque
1162 1471 1194 1499 G,
1221 1472 1299 1495 tenus
1318 1468 1363 1495 SA
1431 1466 1494 1492 inde

234 1529 349 1556 creticus
370 1527 415 1553 oss
435 1526 464 1551 (3¹
569 1523 614 1557 qui
635 1523 662 1548 in
680 1522 797 1551 om.th
902 1515 1048 1550 paphiliam
1069 1514 1088 1539 G
1187 1514 1330 1546 aegyptum
1350 1507 1495 1543 pertendit]

234 1571 333 1606 relique*
357 1578 416 1597 cum
443 1567 565 1595 Isidoro,
591 1564 744 1598 aegyptium
769 1560 937 1596 pertenditur
959 1565 1032 1584 mare
1050 1559 1093 1588 (m.
1116 1564 1142 1589 p.
1163 1556 1196 1586 A)
1216 1553 1289 1580 SAP
1391 1554 1405 1577 5
1428 1550 1497 1576 mole

236 1618 294 1641 orto
315 1613 336 1639 L
407 1610 563 1645 septemtrio
585 1610 605 1633 G
676 1609 690 1631 6
709 1605 861 1639 bylliricum
880 1601 967 1632 ΕΑΖ),
986 1599 1131 1626 hilliricum
1150 1596 1214 1629 MG,
1232 1595 1366 1630 illyricum
1385 1593 1419 1625 N,
1438 1592 1497 1627 ylli-

235 1658 321 1684 ricum
335 1657 363 1687 (J,
381 1655 513 1687 illirycum
526 1651 582 1681 RS'
601 1645 725 1677 illiricum
738 1650 782 1675 *H
840 1650 852 1671 7
868 1643 1047 1680 propontibus
1061 1644 1107 1673 [H]
1154 1643 1168 1667 8
1188 1646 1298 1666 causam
1311 1635 1465 1664 RCNUIA

238 1709 291 1727 non
309 1698 459 1727 uniformis]
479 1704 531 1721 nou
550 1698 580 1720 ut:
598 1692 740 1719 uniformis
756 1690 790 1721 N,
809 1689 904 1716 formis
923 1690 984 1719 (om
1003 1693 1057 1711 nou
1077 1684 1133 1710 uuit
1154 1684 1175 1708 S
1228 1684 1243 1707 9
1261 1680 1410 1707 asiadieum
1429 1677 1450 1704 S

241 1747 270 1770 10
294 1740 463 1774 cai-phatium
487 1736 607 1767 Romu,
632 1734 787 1768 carpadium
811 1732 831 1757 S
927 1736 1018 1761 egeam
1045 1728 1086 1759 [H]
1183 1723 1342 1750 baliaricum
1360 1721 1409 1748 Rc

239 1785 358 1820 cyprium
378 1780 516 1813 tRCMlG
537 1788 596 1805 cnm
611 1778 732 1807 Isidoro,
752 1775 888 1809 cypricum
902 1772 1006 1803 LSAP)
1030 1778 1046 1796 a
1064 1771 1135 1802 gent.
1154 1775 1179 1793 a.
1199 1765 1372 1792 dalmaticum
1391 1762 1501 1795 (dalma-

240 1836 301 1855 cum
319 1826 350 1857 S)
368 1826 412 1857 lig.
433 1832 483 1849 om.
505 1824 547 1849 *H
620 1822 648 1845 12
666 1818 848 1845 hadriaticum
866 1816 892 1842 J:
909 1815 983 1841 solus
1017 1836 1020 1839 ,
1054 1819 1109 1838 cor.
1129 1817 1184 1842 arg.
1205 1807 1254 1834 RC
1314 1806 1459 1839 myrtoum]
1479 1803 1505 1830 P

241 1870 327 1900 Leid.‚
346 1869 479 1894 murtoum
496 1866 521 1895 C„
542 1866 677 1889 mortuum
690 1860 752 1893 RN,
771 1862 903 1893 myrteum
921 1858 944 1883 A
958 1864 1018 1882 cum
1032 1854 1150 1883 Isidoro,
1162 1851 1285 1877 mirteum
1298 1851 1354 1880 [11],
1372 1849 1504 1881 mysteum

243 1914 271 1947 S,
290 1912 422 1938 mirticum
435 1908 514 1934 LMG
570 1907 599 1931 13
618 1904 661 1930 uel
675 1912 725 1930 om.
740 1902 766 1928 P
816 1902 999 1933 hellespontus
1013 1896 1039 1923 P
1098 1903 1114 1921 a
1132 1893 1215 1920 bortis
1234 1894 1295 1924 [H]‚
1313 1892 1348 1917 ab
1366 1891 1422 1916 eius
1441 1888 1475 1916 M

243 1956 386 1983 transitum
405 1954 427 1978 Α
502 1952 530 1975 1-1
549 1947 688 1981 angustiis]
708 1944 767 1975 SR.
787 1943 909 1976 augustis
928 1941 1029 1974 reliqui
1097 1937 1208 1972 peruiis]
1228 1935 1279 1961 uiis
1299 1934 1317 1959 S
1386 1932 1505 1965 bospho-

243 2001 297 2029 ros]
317 1994 438 2024 CLGAP
454 1992 540 2023 Leia„
560 1991 686 2017 bosforus
706 1990 761 2020 [11],
780 1987 911 2019 bosporos
932 1983 988 2014 IVS,
1006 1988 1141 2015 uosporus
1154 1979 1179 2005 R
1279 1980 1307 2003 15
1327 1975 1435 2002 eusinus
1451 1975 1507 2006 [11],

245 2041 352 2068 luxinus
367 2038 396 2065 M
465 2036 570 2065 axinus]
591 2031 727 2059 chn'w.
748 2029 842 2055 axinus
861 2026 919 2060 LP,
938 2025 1047 2052 aesinus
1062 2023 1119 2053 SA,
1139 2022 1249 2049 ausinus
1270 2020 1301 2045 G:
1322 2026 1435 2045 acsenos
1455 2016 1507 2042 Isi-

246 2084 329 2110 dorus
343 2081 445 2113 tVoss.)
515 2081 594 2104 antea
614 2077 633 2101 (ι’
703 2073 803 2099 fluente
821 2069 894 2097 SAP
964 2069 994 2093 16
1017 2066 1157 2100 aegyptius
1176 2062 1255 2090 LMG
1325 2061 1396 2088 assie
1414 2059 1440 2087 R

251 2129 277 2152 17
302 2125 433 2158 quaeque]
458 2129 508 2156 que
531 2121 563 2146 Ca
684 2115 799 2150 proximi
817 2113 847 2140 M
966 2111 1098 2137 uenerant
1115 2107 1148 2134 M
1269 2107 1298 2131 18
1321 2103 1413 2138 gemiis
1432 2101 1460 2128 N
1468 2101 1509 2133 (7),

247 2168 331 2201 geniis
359 2165 392 2192 M
497 2163 606 2190 estimas
635 2160 683 2187 Rc
793 2159 822 2183 19
851 2154 990 2181 ‘ai-abricus
1018 2152 1051 2188 M
1152 2157 1216 2176 oeus
1244 2151 1270 2175 H
1375 2144 1510 2171 hircanius

251 2210 332 2241 LGP,
351 2207 487 2243 hyrcaniis
510 2206 535 2232 ff

1532 691 1582 720 51.
1601 687 1640 718 68
1663 726 1666 727 ⁷

1688 291 1693 301 1

1689 310 1693 324 l
