1706 2446
795 94 854 122 173

117 207 175 227 iou.
214 200 226 225 1
251 202 364 224 nemus.
410 190 563 230 proximus
593 187 660 216 inde
690 181 869 214 Acherusius
899 188 1021 218 specus,
1045 176 1056 216 Η
1080 183 1167 214 quem
1197 172 1349 202 foraminis
1377 170 1455 200 caeci
1480 165 1531 199 43⁴
1556 167 1573 195 2

217 252 231 276 2
254 244 403 285 profundo
428 241 462 270 ad
487 248 580 278 usque
604 237 720 267 inferna
744 235 827 265 aiunt
851 236 961 271 patere.

7 321 50 340 PL.
67 310 97 345 6,
114 310 143 339 5.
162 308 180 338 6
218 313 232 335 3
334 302 345 344 ll
363 299 592 342 Paphlagoniam
610 297 692 326 limes
714 305 729 325 a
753 299 835 333 tergo
853 290 1000 321 Galaticus
1023 286 1218 326 amplectitur.
1257 282 1269 324 ll
1286 293 1317 313 ea
1336 281 1458 321 Paphla-
1483 276 1533 311 44.
1562 279 1572 307 1

52 371 96 391 PL.
114 361 142 395 6,
160 361 178 390 5
216 363 230 387 4
253 355 340 395 gonia
354 351 487 384 Caramhi
503 347 712 390 promunturio
729 348 842 385 spectat,
853 341 1017 374 Tauricam,
1035 337 1047 379 ll
1064 336 1218 374 consurgit
1234 335 1340 374 Cytoro
1358 337 1460 362 monte

218 415 231 435 5
255 410 393 447 porrecto
417 404 446 434 in
470 401 595 441 spatium
620 399 709 428 trium
733 402 762 425 et
784 394 935 432 sexaginta
959 391 1087 425 milium,
1111 386 1237 426 insignis
1260 386 1325 415 loco
1350 384 1461 413 Eneto:

218 466 232 489 6
255 469 270 489 a
294 467 362 497 quo,
385 460 418 485 ut
434 452 588 485 Cornelius
605 451 703 489 Nepos
726 446 872 487 perhibet,
896 442 1098 482 Paphlagones
1121 439 1151 468 in
1169 438 1280 467 Italiam
1303 435 1461 465 transvecti

219 517 232 540 7
256 518 323 540 mox
341 506 443 537 Veneti
460 509 530 535 sunt
547 500 700 532 nominati.
739 497 881 538 plurimas
904 495 933 524 in
958 503 990 523 ea
1014 492 1136 530 regione
1160 489 1249 519 urbes
1266 487 1368 518 Milesii
1392 496 1464 516 con·
1488 484 1506 512 ‘2

56 575 100 595 η.
117 566 147 599 6,
165 565 182 594 7
219 568 233 592 S
256 560 404 594 diderunt,
422 557 433 596 ll
450 553 640 595 Eupatoriam
658 549 853 580 Mithridates:
878 556 937 586 quo
960 544 1082 575 subacto
1105 552 1120 571 a
1144 540 1284 580 Pompeio
1309 537 1466 577 Pompeio-

221 620 235 642 9
258 611 333 652 polis
355 614 400 639 est
422 608 508 637 dicta.

39 678 82 698 PL.
100 668 127 701 6,
145 667 186 697 24
209 669 236 693 10
337 659 349 702 ll
367 657 548 699 Cappadocia
577 655 709 694 gentium
740 652 942 682 universarum
973 656 1047 686 quae
1071 646 1198 675 Pontum
1223 641 1361 672 accolunt
1383 648 1468 679 prae-
1493 635 1542 668 45.
1570 637 1582 665 1

210 720 237 744 11
261 713 347 753 cipue
370 712 553 741 introversus
575 706 696 737 recedit.
735 704 825 734 latere
849 702 930 731 laeto
955 704 1094 736 utrasque
1111 694 1266 725 Armenias
1289 698 1318 722 et
1334 692 1467 722 Comma-

212 771 240 795 12
262 773 360 804 genen
396 761 483 793 simul
519 758 641 790 transit:
680 756 801 786 dextero
839 752 975 793 plurimis
1008 748 1092 779 Asiae
1129 746 1247 786 populis
1284 743 1471 773 circumfusa.

213 822 239 847 13
263 815 405 846 attollitur
432 813 467 843 ad
490 811 579 842 Tauri
603 810 669 848 iuga
694 812 723 837 et
745 806 816 836 solis
840 809 931 834 ortus.
972 799 1113 841 praeterit
1134 796 1311 837 Lycaoniam
1337 794 1473 824 Pisidiam

215 874 241 898 14
264 867 403 897 Ciliciam.
442 864 519 893 vadit
541 870 632 900 super
655 863 780 889 tractum
805 856 905 895 Syriae
929 852 1117 885 Antiochiae,
1140 853 1223 888 parte
1247 846 1377 886 regionis
1401 845 1471 874 alte·
1495 844 1514 873 Ξ).

43 934 87 954 PL.
106 924 135 958 6,
152 923 192 953 25
216 925 243 949 15
266 919 328 948 rius
357 917 386 947 in
411 915 559 955 Scythiam
590 910 787 951 pertendens,
810 907 821 947 ΙΙ
842 907 878 936 ab
903 904 1042 935 Armenia
1071 902 1182 932 maiore
1210 899 1299 929 divisa
1323 897 1475 936 Euphrate

66 985 110 1005 121..
128 975 157 1009 6,
174 973 192 1004 8
217 975 243 1000 16
266 979 368 1000 amne:
393 976 468 1006 quae
484 964 622 996 Armenia
646 961 724 992 unde
740 959 865 989 Panedri
889 961 1005 987 montes
1028 959 1099 984 sunt
1122 952 1299 991 auspicatur.
1338 947 1350 990 ll
1367 948 1475 978 multae
1500 946 1517 975 3

217 1027 244 1051 17
268 1021 297 1051 in
324 1018 508 1058 Cappadocia
540 1014 629 1045 urbes
659 1012 790 1042 inclitae:
822 1018 923 1039 verum
955 1013 987 1038 ut
1016 1006 1052 1036 ab
1083 1004 1145 1034 aliis
1175 1003 1337 1032 reseramus
1361 999 1476 1039 pedem,

220 1078 246 1102 18
269 1071 414 1102 coloniam
439 1066 655 1099 Archelaidem,
680 1072 767 1102 quain
792 1061 912 1091 deduxit
935 1058 1072 1089 Claudius
1096 1056 1210 1089 Caesar,
1236 1053 1323 1092 Halys
1346 1056 1477 1091 praeter—

310 1195 413 1224 RCIVH
432 1192 561 1225 LMGOE)
579 1190 652 1218 SAP

308 1257 332 1275 v.
361 1251 372 1274 1
401 1246 586 1280 proximus-
601 1245 616 1268 2
643 1244 737 1276 patere
763 1237 920 1274 compilavit
949 1234 1062 1270 Capella
1081 1236 1105 1265 6,
1124 1234 1173 1259 688
1276 1240 1300 1258 v.
1325 1232 1339 1256 3
1364 1229 1479 1262 Paphla-

224 1291 370 1326 goniam—
383 1292 398 1316 9
418 1289 504 1316 dicta:
523 1286 623 1313 similia
641 1293 679 1311 ex
696 1282 788 1310 Plinio
804 1281 900 1316 polius
918 1287 999 1314 quam
1018 1285 1055 1304 ea:
1074 1275 1171 1303 Solino
1191 1273 1303 1309 Capella
1317 1274 1340 1304 6,
1354 1274 1403 1298 639

224 1343 249 1361 v.
269 1336 300 1360 10
319 1331 602 1367 Cappadocia—174,
617 1330 632 1354 4
650 1328 725 1353 caret
743 1323 900 1359 compilavit
921 1320 1032 1356 Capella
1046 1321 1069 1351 6,
1083 1321 1141 1345 690.

315 1438 327 1462 1
342 1434 492 1468 proximum
506 1434 534 1459 H
584 1429 723 1457 acerusius
737 1429 771 1458 H,
786 1425 959 1453 acherussius
972 1421 1076 1454 NLlw,
1091 1420 1239 1447 acherisius
1254 1419 1274 1443 G
1328 1416 1398 1444 caeti
1410 1417 1434 1442 Α

229 1481 243 1505 2
263 1478 382 1504 infernas
400 1475 446 1503 SA
532 1475 635 1508 patere]
655 1469 853 1500 RCNHSAW,
878 1466 1037 1502 pertendere
1056 1463 1156 1495 LGP1,
1175 1460 1352 1497 praetendere
1370 1458 1402 1485 M

230 1524 244 1548 3
263 1520 379 1555 galatius
392 1521 419 1546 H
539 1524 572 1542 ea
590 1524 642 1542 ovi.
661 1516 684 1540 Α
805 1510 986 1545 paflagoniam
1004 1507 1034 1534 M
1155 1508 1170 1531 4
1190 1503 1317 1534 carambi]
1338 1500 1374 1528 II
1389 1499 1487 1533 (LMP.

231 1562 342 1590 cai-aubi
357 1562 396 1593 G),
414 1568 474 1587 cum
490 1558 610 1593 Capella,
630 1556 723 1583 carabi
743 1553 761 1581 I
776 1552 921 1585 (RCNHS,
940 1551 1047 1578 scarabi
1065 1550 1114 1581 AJ:
1133 1547 1273 1575 Carambis
1286 1545 1394 1571 Plinius

230 1606 356 1639 expectat
381 1606 408 1631 H
520 1600 652 1634 taurigam
676 1598 734 1629 SA,
758 1597 910 1624 taurincam
933 1593 960 1620 P
1062 1599 1137 1619 cons.
1162 1593 1255 1624 cytoro
1278 1590 1382 1620 (cutoro
1406 1585 1489 1616 Rea,

232 1651 329 1675 cuturo
345 1648 382 1678 H)
400 1647 499 1676 monte]
519 1646 571 1678 cyt.
591 1642 711 1676 (cythero
731 1642 765 1672 A)
783 1642 873 1665 monte
893 1644 966 1664 cons.
987 1636 1031 1662 SA
1120 1637 1134 1660 5
1153 1633 1243 1663 trium]
1261 1637 1391 1665 passuum
1409 1628 1490 1654 trium

233 1689 306 1717 SAP
358 1691 446 1720 encto]
465 1690 504 1719 H,
524 1689 603 1713 enoto
623 1682 786 1713 RCNLMG,
805 1682 903 1708 ueneto
922 1679 1007 1706 SAP:
1026 1685 1078 1711 quo
1097 1677 1156 1703 loco
1175 1676 1278 1702 Enetos
1297 1673 1381 1700 adicit
1398 1671 1491 1705 Nepos

234 1731 374 1760 Cornelius
393 1730 502 1757 Plinius
587 1730 602 1754 6
625 1735 641 1754 a
664 1735 715 1753 om.
735 1725 760 1752 R
848 1727 860 1749 7
881 1722 998 1750 uenetici
1015 1721 1040 1747 R
1127 1719 1242 1753 plurima
1260 1716 1288 1743 N
1374 1718 1387 1741 S
1406 1714 1491 1741 mitri-

234 1775 314 1802 daces
327 1774 348 1801 S
401 1776 464 1808 quo]
483 1779 552 1806 quae
564 1771 597 1802 Α,
616 1778 667 1796 om.
686 1768 708 1795 S
759 1767 874 1794 subacta
892 1766 916 1792 Α
967 1763 1091 1798 pompeio
1110 1770 1162 1789 om.
1182 1760 1212 1788 M
1264 1762 1279 1785 9
1298 1759 1398 1785 dictam
1418 1757 1442 1783 R

237 1821 267 1845 10
280 1817 455 1851 capadociam
468 1815 496 1841 N
551 1817 578 1840 11
593 1812 769 1843 introuersus]
784 1807 968 1837 RCNHLMG
986 1815 1046 1833 cum
1060 1804 1180 1841 Capella,
1198 1804 1331 1830 introrsus
1344 1800 1418 1827 SAP
1435 1808 1494 1825 cum

236 1860 328 1887 Plinio
399 1859 483 1885 latere
506 1865 524 1884 a.
544 1857 623 1883 laeuo
642 1854 701 1887 SA,
723 1853 801 1879 laeuo
820 1852 906 1878 latere
924 1852 951 1877 H
1021 1849 1159 1882 utrasque]
1178 1853 1262 1880 usque
1281 1847 1308 1872 H
1377 1849 1495 1870 comma-

236 1910 329 1936 geuem
347 1900 432 1931 NHS,
452 1906 642 1932 conmagenem
662 1897 687 1923 P
755 1897 786 1922 12
806 1893 980 1921 circumfulsa
999 1892 1024 1919 R
1094 1892 1124 1917 13
1143 1889 1187 1921 ad]
1206 1896 1223 1915 a
1242 1886 1345 1917 RaLM,
1363 1888 1389 1912 et
1409 1886 1430 1912 C

238 1946 300 1979 iugo
324 1944 347 1971 L
450 1943 551 1975 (h)ortu
571 1941 627 1968 LM
730 1938 889 1966 licaonicum
911 1937 944 1967 G,
969 1934 1093 1961 liconiam
1113 1933 1133 1959 S
1236 1930 1348 1964 psidiam
1368 1930 1396 1955 H

241 1990 272 2014 14
292 1987 374 2014 uadet
392 1985 424 2013 M
526 1986 617 2018 super]
637 1983 687 2010 sub
706 1982 728 2008 S
831 1980 886 2014 syri
905 1979 927 2005 L
1031 1979 1117 2011 parte]
1136 1975 1238 2008 pariter
1257 1976 1284 2001 H
1370 1970 1497 2003 regionis]

240 2030 325 2064 gionis
341 2030 361 2055 G
451 2031 480 2055 15
499 2029 536 2059 in]
555 2028 589 2054 ad
609 2029 635 2054 H
722 2024 863 2058 scythiam]
883 2021 989 2055 scythia
1007 2020 1046 2046 M.-
1067 2017 1268 2052 Cyrrhesticam
1287 2015 1420 2047 regionem
1441 2012 1497 2038 Pli-

241 2073 312 2105 nius,
330 2072 439 2098 Sistiam
460 2070 570 2105 Capella
677 2070 708 2095 16
727 2066 834 2101 panidri
854 2063 940 2096 HLG,
959 2062 1092 2097 pauhydri
1111 2059 1231 2089 RCNM,
1250 2058 1352 2091 panthy
1366 2056 1416 2087 (vel
1429 2055 1447 2086 i)
1458 2055 1499 2081 dri

243 2113 328 2141 SAP:
347 2113 487 2140 Parihedri
507 2113 613 2139 Plinius
632 2111 744 2138 testibus
762 2109 838 2136 libris
852 2110 876 2139 G,
890 2110 921 2134 25
941 2107 978 2140 cf.
993 2108 1016 2137 5,
1031 2108 1072 2131 93.
1098 2106 1122 2134 6,
1137 2105 1181 2135 29,
1205 2100 1340 2127 montibus
1360 2097 1500 2124 Panedriis

245 2156 357 2191 Capella
427 2156 537 2187 multae]
561 2163 596 2181 m.
620 2156 684 2181 sunt
702 2153 747 2180 SA
819 2154 848 2177 17
868 2151 896 2176 in
915 2151 1004 2182 capp]
1023 2145 1208 2180 cappadociae
1228 2146 1254 2170 H
1324 2143 1391 2168 alius
1412 2142 1432 2165 G

246 2202 275 2226 18
296 2199 402 2226 colonia
422 2200 442 2223 G
512 2197 685 2224 archilaidem
704 2195 748 2222 SA
819 2194 881 2227 haly
900 2192 929 2223 S,
948 2191 1024 2225 hylas
1043 2190 1065 2215 A
