1593 2409
780 67 871 93 XVIII

198 156 320 185 litudine
346 160 378 184 ut
400 154 513 184 facilius
538 153 693 189 iudicetur,
716 157 776 183 tres
799 153 880 182 locos
904 161 1006 182 omnes
1027 152 1246 191 composuimus
1269 152 1303 182 ad
1320 152 1454 182 ordinem

199 207 374 241 Plinianum,
398 205 580 244 reliquorum
603 208 758 234 auctorum
782 203 885 232 ordine
908 202 1036 233 indicato
1061 203 1191 233 numeris
1213 203 1377 243 adscriptis.

310 296 469 323 PLINIVS:

199 355 280 383 India
299 356 370 383 hano
395 364 472 384 avem
496 356 586 387 mittit,

199 399 334 433 psittacen
352 400 431 425 vocat

200 458 310 484 viridem
328 459 387 484 toto
406 465 518 492 corpore

200 562 295 593 torque
313 560 419 585 tantum
433 559 547 586 miniato
559 559 587 586 in

203 602 307 628 cervice
325 601 488 628 distinctam.

205 663 585 671 ...............

203 745 284 778 capiti
304 745 360 771 eius
379 745 478 772 duritia
493 745 586 771 eadem

202 795 272 820 quae
290 789 387 814 rostro.

202 846 263 878 hoc,
278 854 338 873 cum
348 847 422 880 loqui
433 847 521 880 discit,
533 847 586 873 fer-

202 896 249 915 reo
260 889 418 915 verberatur
430 889 518 916 radio:
533 897 586 916 non

203 931 286 958 sentit
303 931 381 957 aliter
398 931 477 958 ictus.

204 1083 264 1102 cum
278 1075 393 1107 devolat,
406 1077 493 1102 rostro
505 1082 534 1101 se
544 1083 589 1102 ex-

204 1117 285 1151 cipit,
307 1117 347 1143 illi
365 1117 488 1143 innititur
508 1117 591 1144 levio-

203 1167 312 1193 remque
328 1160 366 1186 ita
384 1167 413 1186 se
434 1160 532 1193 pedum
550 1160 590 1186 in-

204 1201 323 1228 firmitati
341 1201 416 1228 facit.

208 1390 591 1398 ...............

207 1421 299 1439 verum
335 1413 486 1445 addiscere,
523 1414 591 1440 alias

206 1455 300 1489 (picas)
312 1459 412 1488 negant
421 1463 501 1489 posse
511 1464 591 1490 quam

205 1504 238 1523 ex
267 1505 365 1531 genere
399 1505 490 1525 earum
522 1506 592 1532 quae

205 1540 300 1573 glande
320 1543 463 1567 vescantur

206 1601 233 1625 et
242 1599 313 1626 inter
324 1607 369 1626 eas
378 1600 484 1627 facilius
494 1600 592 1634 quihus

207 1642 281 1675 quini
299 1642 352 1668 sint
375 1642 450 1675 digiti
472 1643 498 1669 in
518 1643 591 1676 pedi-

206 1685 266 1711 bus.

208 1894 240 1913 ac
266 1894 299 1913 ne
324 1894 370 1913 eas
395 1887 499 1920 quidem
517 1887 591 1920 ipsas

210 1930 260 1955 nisi
284 1929 376 1963 primis
401 1929 505 1956 duobus
524 1929 593 1956 vitae

209 1979 295 1999 annis.

709 294 912 321 APPVLEIVS
919 304 926 320 :

613 355 632 387 ¹)
665 354 801 381 Psittacus
834 354 891 381 avis
928 353 1022 380 Indiae

616 557 636 588 ³)
654 557 712 584 sola
729 557 831 583 cervice
845 556 1023 591 distinyuitur

642 619 648 626 .
663 619 669 625 .
690 599 826 625 cervicula
845 600 902 625 eius
922 599 1023 626 circulo

614 641 702 667 mineo
716 641 789 668 velut
799 648 882 668 aurea
893 642 981 675 torqui
996 662 1001 667 .
1017 662 1023 668 .

615 684 738 716 cingitur.

616 744 635 775 ⁵)
654 763 660 769 .
676 763 681 769 .
697 763 702 768 .
723 743 820 776 capitis
839 743 931 769 eadem
950 743 1022 769 duri-

614 786 651 811 tia
670 793 739 819 quae
757 785 847 812 rostri.

614 845 634 876 ὃ)
654 852 714 871 cum
732 852 881 871 sermonem
900 847 1021 872 nostrum

614 888 718 920 cogitur
727 887 863 920 aemulari,
870 887 960 914 ferrea
967 888 1021 914 cla<

614 930 703 957 vinula
722 931 805 963 caput
825 930 956 962 tunditur,
974 931 1023 956 im-

614 972 719 1005 perium
731 971 852 1005 magistri
870 974 901 999 ut
913 980 1022 1006 persen-

615 1014 697 1040 tiscat
716 1034 722 1040 .
743 1033 749 1039 .
770 1034 776 1040 .
799 1033 806 1039 .

617 1074 637 1105 4)
650 1073 730 1100 rostri
741 1073 827 1107 prima
837 1074 949 1100 duritia:
964 1082 1025 1101 cum

618 1117 646 1141 in
659 1118 762 1149 petram
775 1116 927 1150 quampiam
939 1117 1026 1143 conci-

618 1160 663 1184 tus
673 1158 803 1184 altissimo
814 1159 905 1185 volatu
914 1160 1024 1193 praeci-

616 1201 696 1235 pitat,
706 1203 794 1227 rostro
806 1208 834 1227 se
844 1201 916 1227 velut
926 1209 1026 1228 ancora

619 1243 726 1276 excipit.

620 1414 639 1444 δ’)
666 1420 758 1438 verum
792 1412 826 1438 ad
857 1412 1026 1446 disciplinam

619 1454 728 1480 humani
763 1454 893 1481 sermonis
921 1455 1026 1481 facilior

619 1500 660 1523 est
688 1497 819 1530 psittacus
854 1497 950 1530 glande
982 1498 1027 1531 qui

619 1540 738 1566 vescitur

620 1598 639 1630 ⁹)
658 1600 685 1624 et
709 1598 785 1624 cuius
809 1598 835 1624 in
860 1597 973 1631 pedibus
998 1601 1027 1624 ut

618 1641 733 1668 hominis
756 1640 830 1674 quini
855 1639 959 1673 digituli
977 1648 1026 1666 nu-

618 1686 764 1709 merantur.

620 1885 640 1916 ⁷)
659 1884 738 1910 discit
756 1885 845 1910 autem
862 1884 952 1910 statim
963 1884 1026 1919 pul-

621 1927 663 1952 lus
682 1934 765 1959 usque
784 1926 818 1952 ad
837 1927 904 1953 duos
931 1927 1026 1953 aetatis

620 1976 684 1995 suae
703 1976 796 2000 annos,
818 1968 880 1995 dum
898 1968 978 1995 facile
997 1977 1026 1996 os

622 2012 661 2037 uti
685 2011 881 2044 conformetur,
903 2011 965 2037 dum
985 2014 1027 2047 ‘te-

619 2061 684 2080 nera
707 2054 799 2086 lingua
823 2054 862 2080 uti
891 2054 1027 2080 convibre-

619 2099 674 2129 tur3
695 2103 777 2122 senex
789 2099 879 2122 autem
893 2098 988 2130 captus
1001 2099 1027 2123 ct

618 2139 744 2165 indocilis
761 2142 800 2164 est
823 2142 848 2165 et
872 2138 1024 2165 obliviosus.

1167 293 1318 320 SOLINVS
1328 305 1333 320 :

1051 354 1069 385 ¹)
1094 352 1159 379 Sola
1178 352 1256 378 India
1280 353 1361 379 mittit
1382 361 1456 380 avem

1049 395 1196 429 psittacum

1049 454 1073 486 ²)
1093 454 1183 481 colore
1200 453 1311 480 viridem

1051 556 1070 587 ³)
1089 556 1185 589 torque
1203 555 1327 589 puniceo.

1051 742 1070 773 ⁵)
1089 743 1171 775 caput
1189 760 1195 766 .
1218 760 1224 766 .
1243 743 1298 767 tam
1316 740 1418 773 valens,

1048 842 1070 873 θ)
1088 843 1127 875 ut,
1146 841 1288 875 siquando
1303 842 1337 868 ad
1352 842 1460 869 discen·

1051 884 1113 910 dum
1126 884 1210 917 plagis
1223 884 1259 910 sit
1272 884 1457 911 admonendus

1049 928 1121 958 (nam
1140 927 1230 952 studet
1245 930 1274 953 ut
1289 927 1360 961 quod
1374 928 1458 954 homi-

1050 976 1097 994 nes
1116 969 1259 1002 loquatur),
1279 970 1365 996 ferrea
1377 969 1459 997 clavi-

1052 1010 1114 1037 cula
1133 1012 1168 1037 sit
1186 1011 1379 1038 verberandus.

1051 1070 1074 1103 ⁴¹)
1092 1070 1173 1096 rostri
1196 1071 1273 1096 tanta
1295 1070 1393 1097 duritia
1410 1074 1459 1104 est,

1054 1115 1084 1138 ut
1103 1120 1163 1138 cum
1175 1119 1189 1138 e
1202 1112 1309 1139 sublimi
1319 1113 1459 1147 praecipi-

1053 1158 1093 1180 tat
1110 1155 1138 1180 in
1157 1162 1259 1187 saxum,
1278 1155 1339 1181 nisu
1358 1162 1386 1181 se
1405 1155 1459 1182 oris

1052 1196 1169 1230 excipiat
1193 1200 1220 1223 et
1242 1197 1359 1231 quodam
1384 1197 1460 1230 quasi

1051 1238 1226 1265 fundamento
1252 1241 1345 1265 utatur
1370 1242 1459 1266 extra-

1052 1281 1204 1308 ordinariae
1222 1281 1370 1308 firmitatis.

1055 1596 1074 1626 ⁸)
1092 1594 1163 1620 inter
1181 1595 1284 1621 nobiles
1308 1596 1335 1620 et
1357 1593 1460 1626 ignobi-

1053 1638 1092 1664 les
1105 1637 1256 1670 (psittacos)
1272 1635 1460 1662 discretionem

1053 1679 1194 1712 digitorum
1222 1679 1288 1705 facit
1318 1685 1459 1704 numerus:

1053 1721 1098 1754 qui
1126 1722 1280 1754 praestant,
1316 1721 1411 1753 quinos
1433 1721 1461 1746 iu

1052 1763 1134 1797 pedes
1157 1763 1259 1789 habent
1283 1763 1392 1796 digitos,
1417 1769 1460 1788 ce-

1053 1806 1104 1832 teri
1122 1808 1223 1832 ternos.

1055 1882 1072 1914 ⁷)
1092 1882 1154 1907 dum
1173 1882 1200 1907 in
1209 1881 1289 1916 pullo
1303 1882 1347 1913 (al.
1360 1881 1461 1915 pullus)

1054 1928 1094 1951 est
1113 1926 1193 1958 atque
1215 1923 1284 1950 adeo
1307 1923 1378 1949 intra
1395 1923 1461 1949 alte-

1054 1975 1113 1993 rum
1142 1967 1238 1993 aetatis
1266 1973 1330 1992 suae
1352 1973 1461 1998 annum,

1054 2017 1122 2043 quae
1140 2010 1291 2035 monstrata
1309 2010 1371 2034 sunt
1383 2009 1410 2034 et
1424 2007 1460 2034 ci-

1053 2053 1108 2079 tius
1127 2051 1205 2078 discit
1223 2053 1250 2078 et
1268 2051 1367 2078 retinet
1385 2053 1460 2076 tena-

1054 2095 1124 2121 cius:
1144 2094 1225 2128 paulo
1244 2095 1333 2121 senior
1351 2098 1377 2121 et
1395 2093 1460 2120 obli·

1054 2138 1145 2164 viosus
1163 2140 1203 2164 est
1220 2139 1246 2163 et
1264 2137 1398 2164 indocilis.
