1706 2446
0 197 44 220 ‚32
53 198 139 219 62auce.

0 249 3 254 .
15 234 47 257 37,
58 232 89 254 65.
106 233 139 254 72.

10 268 42 288 71.
57 267 89 288 73.

10 303 55 323 PL.
69 303 102 328 37,
116 303 142 324 62

1 419 5 424 .
21 405 53 429 37,
68 406 100 426 63.
115 405 141 426 64

0 816 21 834 L.
41 805 90 836 37.
108 805 148 835 65

0 968 24 988 t..
42 958 92 991 37,
110 958 149 987 74

0 1020 24 1040 L.
43 1011 92 1045 37,
109 1009 148 1039 68

0 1080 16 1090 a.
31 1068 63 1093 37,
79 1068 111 1088 65.
126 1067 150 1088 71

770 92 808 120 87

178 192 190 216 1
213 185 374 224 smaragdis
390 185 437 214 hic
461 185 542 213 locus
566 182 657 221 patria
675 185 726 213 est,
751 179 858 218 quibus
882 177 994 207 tertiam
1019 176 1097 205 inter
1116 174 1226 213 lapides
1249 172 1419 211 dignitatem

178 243 192 267 2
214 237 436 276 Theophrastus
459 235 552 264 dedit:
570 233 581 273 Η
599 242 666 263 nam
690 232 758 261 licet
774 231 833 260 sint
848 234 877 259 et
893 227 1025 267 Aegyptii
1050 232 1079 255 et
1098 224 1283 255 Calchetlonii
1309 228 1337 253 et
1360 223 1420 252 Me-

177 294 191 317 3
215 289 271 318 dici
288 293 316 318 et
333 287 480 321 Laconici,
505 286 682 325 praecipuus
705 286 749 312 est
764 282 859 311 honos
876 279 1028 318 Scythicis.
1069 277 1079 318 ss
1097 277 1168 306 nihil
1192 276 1237 305 his
1253 274 1420 310 iucundius,

179 345 193 369 4
217 339 288 369 nihil
312 339 410 368 utilius
432 338 532 367 vident
554 336 640 365 oculi.
680 335 709 363 iu
740 332 842 372 primis
865 332 960 360 virent
988 330 1061 360 ultra
1092 328 1258 365 aquaticum
1288 335 1420 364 gramen,
1444 322 1495 359 15,
1520 324 1560 353 24

179 397 193 420 5
217 390 293 420 ultra
316 390 444 419 amnicas
468 389 588 418 herhas:
606 387 616 425 11
634 385 740 415 deinde
757 384 878 413 obtutus
901 382 1035 420 fatigatos
1054 380 1162 410 coloris
1186 378 1323 407 reficiunt
1347 377 1421 406 leni-

180 448 194 471 6
217 446 291 477 tate,
320 450 386 470 nam
411 441 488 469 visus
511 448 585 477 quos
609 437 729 467 alterius
752 443 883 474 gemmae
913 432 1011 470 fulgor
1034 431 1178 461 retuderit
1207 428 1351 466 smaragdi
1377 437 1422 457 re-

180 499 194 522 7
217 497 329 522 creant.
376 501 430 521 nec
453 491 535 520 aliam
560 489 598 519 ob
615 497 731 518 causam
755 485 874 525 placuit,
900 489 1006 513 utnon
1025 483 1243 520 sculperentur‚
1268 490 1305 509 ne
1329 479 1423 508 offen-

181 550 195 574 S
217 554 283 574 sum
312 544 401 573 decus
430 542 590 581 imaginum
621 539 735 569 lacunis
764 540 1023 575 corrumperetur:
1055 541 1230 572 quamquam
1260 531 1310 569 qui
1340 539 1426 559 verus

182 602 196 625 9
220 601 263 625 est
292 595 448 624 difficulter
478 593 659 622 vulneretur.
705 589 871 629 probantur
900 587 956 616 hoc
980 589 1082 625 pacto,
1111 584 1132 613 si
1164 587 1300 621 aspectus
1328 586 1425 611 trans·
1450 582 1488 611 25

170 652 197 677 10
219 647 351 676 mittant:
381 646 404 675 si
429 655 494 675 cum
519 643 631 683 globosi
655 646 726 672 sunt
755 640 887 679 proxima
910 638 965 668 sibi
990 636 1122 666 inficiant
1150 640 1216 664 aere
1243 642 1427 672 repercusso,

170 703 196 727 11
219 702 269 728 aut
285 707 351 727 cum
369 696 489 726 concavi
507 699 575 725 sunt
592 693 824 733 inspectantium
842 691 929 720 facies
946 688 1148 718 aemulentur:
1169 687 1191 716 si
1210 694 1306 723 neque
1324 684 1427 713 umbra

170 754 197 779 12
220 758 317 788 neque
340 747 469 778 lucernis
493 755 591 785 neque
615 746 675 775 sole
693 748 854 774 mutentur.
895 742 1022 781 optimos
1045 745 1142 769 tamen
1168 737 1333 767 sortiuntur
1357 735 1429 764 situs

171 806 198 830 13
221 801 329 839 quibus
351 799 488 839 planities
510 798 650 836 resupina
674 801 718 825 est
740 801 769 825 et
793 799 919 824 extenta.
959 792 970 833 ss
987 791 1180 821 inveniuntur
1203 788 1301 817 etesiis
1332 786 1428 816 ssanti-
1452 786 1492 815 2ss

173 857 200 881 14
223 852 293 881 bus:
317 856 388 881 tunc
412 850 490 879 enim
515 849 630 879 detecto
654 848 716 877 solo
740 846 877 876 facillime
900 844 1090 873 internitent:
1117 850 1184 871 nam
1208 839 1314 869 etesiae
1338 837 1430 877 pluri-

172 908 200 932 15
222 913 304 933 mum
333 903 460 932 harenas
483 905 610 930 movent.
656 899 703 928 alii
733 898 831 927 minus
862 895 976 925 nobiles
1006 895 1035 924 in
1066 891 1267 923 commissuris
1293 898 1431 920 saxorum

173 960 200 984 16
222 955 267 985 vel
290 955 319 984 in
344 954 467 984 metallis
490 951 612 982 aerariis
636 953 789 989 apparent,
815 947 826 989 ss
843 957 917 986 quos
941 944 1216 982 chalcosmaragdos
1247 945 1432 980 nuncupant.

173 1012 200 1036 17
221 1005 230 1047 ΙΙ
246 1007 340 1036 vitiosi
370 1014 472 1035 eorum
502 1003 681 1033 intrinsecus
710 1000 849 1039 quasdam
880 999 982 1028 sordes
1010 997 1136 1029 hahent,
1168 994 1211 1024 vel
1241 992 1362 1031 plumbo
1387 991 1431 1021 vel
1455 992 1494 1020 27

177 1064 203 1088 18
227 1057 438 1098 capillamentis
460 1055 505 1085 vel
528 1055 614 1084 etiam
646 1053 697 1083 sali
724 1052 842 1082 similes.
883 1050 892 1089 ΙΙ
910 1049 1066 1079 laudantur
1093 1045 1210 1076 austeri.
1251 1044 1261 1084 ΙΙ
1278 1044 1328 1074 sed
1351 1051 1434 1072 mero

264 1183 370 1211 RCNH
386 1181 511 1213 LMGOE)
530 1179 603 1207 SAP

263 1243 287 1262 v.
308 1237 337 1260 17
357 1233 485 1260 vitiosi—
499 1234 565 1262 SS,1
588 1231 738 1257 inbuantur
757 1228 915 1262 compilavit
933 1226 1058 1253 Isidorus
1080 1227 1117 1256 16,
1137 1226 1160 1255 7,
1180 1225 1193 1248 2
1215 1225 1360 1257 praeterea
1387 1221 1438 1247 stoc

178 1278 237 1304 loco
255 1281 364 1304 secutus
382 1275 511 1302 Plinium.

266 1349 277 1372 1
290 1345 440 1378 zmaragdis
451 1343 479 1371 S.
493 1342 627 1376 smaragdi
638 1341 670 1368 M
715 1341 759 1366 hic
771 1348 822 1366 om.
834 1338 937 1365 RCNH
984 1336 1066 1363 tertia
1076 1335 1101 1362 R
1149 1336 1164 1360 2
1174 1333 1353 1367 theophratus
1365 1331 1396 1358 M

181 1390 236 1417 sint
254 1391 289 1420 et]
308 1388 363 1414 sint
380 1391 407 1414 et
425 1389 452 1413 et
471 1386 500 1419 S,
523 1386 576 1412 sint
594 1384 648 1411 RH
702 1382 880 1413 calchedonii]
901 1380 956 1411 CN,
976 1378 1164 1406 chalchedonii
1182 1376 1216 1409 R,
1236 1374 1387 1402 calcedonii
1406 1374 1441 1402 Α,

183 1431 350 1459 chalcedonii
369 1430 497 1465 plerique
566 1431 581 1454 3
600 1426 732 1453 laoconici
750 1425 783 1452 M
851 1427 891 1450 est
910 1423 1005 1454 honos]
1026 1421 1061 1448 II
1075 1419 1237 1453 (LMGSP)‚
1261 1420 1302 1444 est
1320 1418 1406 1443 honor
1426 1414 1445 1441 I

183 1474 304 1506 (BONA,
329 1474 415 1500 honor
433 1474 474 1498 est
492 1473 529 1503 H)
599 1470 652 1500 his]
670 1469 721 1495 hiis
743 1467 768 1494 N
773 1489 780 1499 ,
805 1476 856 1493 om.
874 1466 908 1493 M
975 1468 990 1491 4
1009 1465 1111 1496 utilius]
1130 1463 1243 1489 uiridius
1263 1463 1291 1488 H
1358 1466 1441 1492 aqua-

183 1517 267 1543 ticum
285 1517 403 1549 gramen]
422 1514 450 1540 in
468 1513 521 1545 (vel
538 1515 561 1545 r)
578 1512 655 1545 rigua
673 1511 793 1543 gramina
810 1509 855 1536 SA
926 1512 940 1535 5
960 1508 1072 1534 amticas
1091 1506 1145 1537 Ra,
1168 1503 1317 1531 amnaticas
1336 1501 1373 1528 ΡΜ

185 1559 322 1586 lenitatem
340 1557 398 1584 Ro·
487 1558 502 1581 6
520 1555 593 1581 uisos
613 1554 639 1580 N
725 1552 828 1586 gemine
847 1551 898 1577 HG
987 1549 1133 1576 retruderit
1152 1548 1181 1579 S,
1199 1546 1297 1573 etuerit
1315 1545 1350 1576 R,
1368 1547 1442 1570 retu-

185 1602 246 1628 lerit
265 1603 291 1628 H
361 1599 494 1632 smaragdi
512 1597 565 1625 MS
633 1597 765 1627 recreant]
788 1603 809 1621 r.
835 1598 862 1621 et
885 1596 1022 1620 exacuunt
1040 1590 1113 1618 SAP
1181 1593 1193 1615 ’ἰ
1221 1591 1263 1620 ne]
1282 1596 1335 1615 non
1355 1586 1375 1613 S

187 1647 201 1671 8
220 1643 342 1676 imaginis
362 1642 397 1668 Ρ·
468 1643 558 1672 uerus]
578 1646 673 1666 uersus
691 1638 716 1664 R
787 1640 801 1663 9
821 1637 987 1667 uulneretur]
1008 1636 1151 1661 ueneretur
1170 1632 1208 1664 R,
1228 1631 1386 1658 uulneratur
1405 1628 1443 1659 M,

187 1687 313 1713 atteritur
330 1685 375 1712 SA
445 1685 629 1710 transmutant
648 1683 699 1709 HA
772 1683 801 1707 10
821 1688 881 1706 cum
900 1678 1012 1712 globosi]
1033 1685 1092 1704 cum
1111 1675 1214 1709 golbosi
1233 1673 1266 1707 P,
1288 1670 1444 1705 conglobosi

189 1730 255 1761 ΗΑ,
280 1727 430 1762 conglobisi
454 1726 475 1753 S
578 1725 699 1759 proxima
720 1723 754 1756 (si
777 1722 900 1757 proxima
918 1720 999 1752 SAP)
1019 1741 1024 1746 .
1041 1741 1046 1747 .
1063 1742 1068 1746 .
1088 1722 1151 1746 sunt,
1172 1726 1224 1744 om.
1246 1716 1279 1743 Ca
1383 1721 1444 1747 per-

188 1780 268 1799 cusso
287 1772 309 1798 L
395 1773 422 1796 11
444 1770 566 1800 concaui]
585 1768 646 1794 caui
664 1767 721 1798 Mb,
740 1766 786 1792 aui
804 1765 848 1792 ΜΕ
929 1764 1054 1798 inspect.]
1073 1763 1100 1788 in
1118 1762 1232 1794 inspect.
1254 1758 1275 1785 C
1355 1764 1445 1783 aemu-

188 1816 280 1842 lantur
298 1817 325 1841 H
394 1813 426 1845 si]
445 1813 491 1847 qui
509 1810 528 1838 Ι
543 1809 713 1843 (RCNHSA)
786 1810 817 1835 12
836 1809 982 1838 mutentur]
1001 1807 1112 1833 utentur
1133 1804 1164 1831 C‘1
1235 1801 1336 1836 optimo
1356 1799 1378 1825 L

192 1860 222 1885 13
246 1857 373 1891 planitius
393 1855 419 1881 P
495 1854 603 1881 etensiis
623 1852 648 1879 R
725 1851 835 1878 flatibus
854 1850 932 1877 LMG
1014 1851 1043 1874 14
1067 1848 1147 1878 enim]
1166 1846 1194 1872 in
1212 1845 1245 1872 M
1324 1846 1353 1869 16
1373 1842 1446 1868 chal-

190 1899 381 1932 cozmaragdos
401 1898 430 1929 S,
449 1897 558 1924 chalcos
577 1895 696 1926 (calchos
709 1894 743 1923 R»
763 1892 919 1927 smaragdos
938 1892 987 1918 Rc
1066 1893 1094 1916 17
1115 1892 1201 1916 sortes
1221 1887 1251 1914 M
1324 1888 1351 1912 18
1372 1884 1449 1918 lapil-

190 1943 313 1970 lamentis
332 1944 359 1969 H
428 1941 492 1967 salis
511 1938 617 1966 RLBP
683 1937 829 1964 laudantur
847 1935 963 1961 austeris
983 1936 1009 1960 et
1027 1934 1076 1964 (sio
1095 1932 1136 1964 M,
1155 1933 1278 1958 austeres
1298 1932 1324 1955 et
1342 1927 1450 1961 reliqui)

191 1993 263 2012 mero
289 1985 369 2011 uiridi
390 1984 531 2017 (uiridique
551 1982 611 2013 GB)
631 1980 649 2007 I
664 1980 758 2012 (RCN)
775 1983 801 2006 ec
820 1977 856 2004 H
870 1977 1011 2010 (LMGB),
1034 1976 1181 2002 laudantur
1199 1974 1337 2006 (lunantur
1356 1971 1407 1997 HA
1426 1972 1452 1995 et

193 2036 288 2062 marqo
313 2026 344 2059 S)
368 2029 476 2053 austero
500 2033 573 2051 mero
599 2024 645 2050 sed
671 2022 728 2054 (sed
752 2031 804 2049 om.
827 2023 864 2053 H)
889 2020 970 2047 uiridi
989 2018 1041 2046 III
1056 2017 1198 2051 (SAP)H.·
1223 2015 1269 2042 sed
1293 2021 1365 2039 mero
1387 2020 1451 2038 cor-

193 2075 319 2105 ruptum,
342 2069 390 2096 sed
407 2069 472 2103 leqit
492 2069 545 2094 iam
565 2067 705 2093 Isidorus:
724 2064 858 2097 smaragdi
877 2065 967 2089 autem
986 2070 1059 2089 mero
1078 2064 1106 2087 et
1123 2060 1200 2087 viridi
1218 2057 1365 2092 proficiunt
1383 2055 1451 2085 oleo,

195 2113 315 2146 quamvis
338 2115 436 2138 natura
458 2111 616 2137 imbuantur
641 2108 750 2135 omnino
776 2116 831 2133 non
855 2115 891 2133 eo:
911 2105 1019 2136 Plinio,
1043 2104 1091 2131 sed
1113 2111 1151 2129 ex
1169 2101 1280 2130 Solino;
1298 2098 1344 2132 qui
1363 2102 1453 2123 tamen

194 2155 313 2186 viri(de)s
331 2155 407 2180 nasci
425 2153 555 2184 videntur,
574 2152 700 2186 quoniam
719 2150 778 2177 oleo
798 2149 920 2175 meliores
940 2148 1008 2174 fiunt
1027 2146 1134 2172 Plinius
1153 2142 1271 2175 (Domo.)
1291 2140 1453 2175 quibusdam

195 2201 224 2224 ut
243 2197 348 2224 videtur
367 2197 472 2223 omissis
