1706 2446
774 62 835 91 123

96 174 153 194 lcN.
191 163 320 193 lfamae
353 163 494 190 meretur.
543 152 746 186 haemorrhois
779 159 880 180 morsu
913 146 1088 185 sanguinem
1124 142 1203 173 elicit
1232 144 1261 169 et
1288 136 1437 167 dissolutis

190 221 204 245 2
225 222 368 244 venarum
384 208 570 241 commerciis
586 203 727 245 quicquid
743 202 858 232 animae
874 204 918 229 est
934 201 1037 228 evocat
1058 204 1112 235 per
1135 199 1283 223 cruorem.
1321 192 1437 228 prester

190 272 205 296 3
227 274 315 305 quem
331 261 486 304 percussit,
510 257 688 289 distenditur
704 253 879 291 enormique
896 247 1080 289 corpulentia
1098 249 1221 275 necatur
1236 241 1436 271 extuberatus.

189 323 204 347 4
226 318 302 347 ictus
328 314 442 354 sepium
466 310 592 351 putredo
616 307 759 345 sequitur.
802 308 873 333 sunt
894 306 924 332 et
946 298 1145 337 ammodytae,
1175 299 1219 325 est
1242 298 1269 323 et
1294 290 1439 324 cenchris,
1464 288 1516 324 27,
1540 289 1579 319 33

191 375 204 398 5
228 366 419 407 elephantiae,
443 360 605 401 chersydri,
628 356 919 388 chamaedracontes,
955 355 1107 391 postremo
1130 351 1260 386 quantus
1284 343 1440 374 nominum

190 426 205 449 6
227 424 326 450 tantus
341 416 480 447 mortium
497 420 648 444 numerus.
687 417 755 438 nam
771 406 946 445 scorpiones
962 401 1055 433 scinci
1071 401 1257 436 lacertaeque
1282 393 1441 427 vermibus,

192 479 205 502 τ
229 481 289 501 non
320 466 509 508 serpentibus
535 462 756 493 adscribuntur.
800 461 933 488 monstra
957 455 1030 483 haec
1053 452 1076 481 si
1100 450 1235 484 sibilant,
1266 445 1441 476 clementius
1466 445 1505 474 34

6 535 50 556 m,-
68 525 97 561 8,
115 525 155 556 86
193 529 207 554 8
229 522 349 553 feriunt.
387 518 398 560 ll
416 518 526 548 habent
542 515 689 545 adfectus:
716 520 777 541 non
793 513 906 539 temere
923 505 979 536 nisi
995 504 1139 541 coniuges
1155 504 1330 539 evagantur:
1355 500 1441 536 capto

98 584 155 605 mu.
192 580 206 604 9
229 574 320 604 altero
349 571 394 600 vel
424 568 523 599 occiso
553 570 619 595 uter
648 561 830 603 superfuerit
859 559 1011 589 efferatur.
1049 553 1061 595 ll
1078 552 1231 584 subtiliora
1256 553 1326 580 sunt
1349 548 1442 587 capita

180 631 207 656 10
229 623 362 658 feminis,
392 621 446 651 alvi
472 617 661 652 tumidiores,
691 613 783 654 pestis
807 609 973 642 nocentior.
1012 605 1159 637 masculus
1182 601 1343 641 aequaliter
1366 605 1444 629 teres

8 689 53 710 PL.
70 679 98 713 8,
117 680 155 710 87
181 681 207 706 11
231 680 284 711 est,
307 673 461 704 sublimior
477 670 564 701 etiam
581 667 750 705 mitiorque.
789 662 800 703 Η
817 662 908 701 igitur
923 658 1071 699 anguibus
1086 655 1232 687 universis
1255 652 1346 682 hebes
1367 651 1446 680 visus
1471 650 1510 679 35

181 733 209 758 12
231 732 283 756 est.
322 735 389 755 raro
413 724 442 753 in
467 722 621 752 adversum
645 720 844 750 contuentur,
874 722 930 743 nec
954 712 1081 745 frustra,
1112 716 1178 737 cum
1203 705 1306 736 oculos
1329 712 1390 733 non
1416 701 1445 731 in

180 784 208 808 13
230 779 329 808 fronte
361 775 505 810 habeant,
540 771 590 802 sed
625 770 654 800 in
691 765 893 807 temporibus,
927 763 1000 793 adeo
1030 765 1063 791 ut
1092 760 1178 789 citius
1208 756 1328 787 audiant
1359 762 1444 792 quam

183 835 210 859 14
232 828 385 868 aspiciant.

0 885 158 921 t.37,165
184 886 211 911 15
315 879 323 919 [l
342 879 383 909 De
413 885 528 917 gemma
558 871 736 911 heliotropio
767 870 845 899 iuter
868 865 1051 904 Aethiopiam
1078 863 1204 892 Africam
1229 859 1357 898 Cyprum
1386 864 1449 885 cer·
1476 855 1515 885 3ss

185 938 212 962 16
235 937 333 962 tamen
358 930 426 964 fuit„
459 934 604 967 quaenam
628 924 758 954 mitteret
780 919 899 960 generis
922 917 1010 947 huius
1034 912 1311 944 eminentissimam:
1342 908 1448 945 depre-

185 989 211 1013 17
235 984 421 1020 hensumquc
440 984 484 1009 est
506 975 694 1007 documentis
716 972 852 1012 plurimis
869 968 1070 1007 Aethiopicam
1095 969 1145 994 aut
1162 963 1299 1002 Libycam
1325 959 1449 999 palmam

188 1040 215 1065 18
237 1040 349 1065 tenere.
387 1031 471 1061 viridi
488 1029 589 1060 colore
606 1032 726 1057 estnon
752 1025 789 1053 ita
813 1026 910 1057 acut0,
935 1020 984 1050 sed
1010 1017 1112 1048 nubilo
1137 1014 1228 1053 magis
1251 1018 1280 1042 vt
1303 1018 1451 1050 represso

188 1091 215 1116 19
237 1085 329 1116 stellis
357 1082 493 1123 puniceis
523 1087 726 1119 superspersa.
770 1083 856 1104 causa
889 1071 1018 1102 nominis
1041 1069 1077 1097 (le
1101 1068 1207 1097 ellectu
1232 1064 1335 1103 lapidis
1359 1067 1402 1091 est
1426 1066 1454 1090 et
1479 1063 1516 1093 37

189 1143 217 1168 20
239 1140 399 1177 potestate:
424 1134 534 1164 deiecta
552 1132 580 1161 in
599 1129 688 1160 labris
704 1127 825 1158 aheneis
841 1124 937 1155 radios
954 1122 1023 1152 solis
1047 1124 1140 1149 mutat
1163 1116 1327 1155 sanguineo
1352 1122 1454 1152 reper-

277 1243 384 1271 RCNH
400 1240 527 1273 LMG(B)
547 1239 620 1267 SAP

278 1296 301 1314 v.
321 1290 336 1313 4
356 1288 420 1314 sunt
437 1288 505 1312 et—
517 1286 531 1310 6
550 1288 678 1310 numerus
698 1277 856 1314 compilavit
875 1275 1001 1302 Isidorus
1022 1274 1062 1305 12,
1075 1274 1099 1304 4,
1114 1272 1145 1296 39
1225 1276 1247 1294 ν.
1268 1269 1282 1293 G
1302 1272 1458 1300 scorpiones

193 1347 225 1352 -
236 1335 249 1358 ’1
270 1330 464 1357 adscribuntur
482 1324 637 1360 compilavit
655 1322 782 1350 Isidorus
798 1322 836 1352 12,
851 1322 876 1351 5,
889 1321 903 1344 4
993 1325 1016 1343 z».
1039 1317 1067 1341 11
1088 1312 1221 1346 anguibus
1234 1326 1262 1329 —
1278 1312 1309 1336 14
1328 1308 1460 1342 aspiciant

194 1374 344 1409 exscripsit
364 1370 488 1399 Isidorus
503 1372 542 1400 12,
556 1371 581 1401 4,
594 1371 628 1395 44
705 1374 729 1392 v.
752 1368 782 1392 15
802 1364 835 1390 de
852 1368 998 1396 gemma—
1012 1360 1069 1388 124,
1082 1359 1097 1383 4
1117 1355 1256 1382 obviorum
1275 1351 1460 1386 compilarunt

197 1417 358 1444 Priscianus
376 1424 400 1441 v.
417 1414 553 1441 254-258
573 1414 599 1437 et
618 1409 744 1437 Isidorus
759 1409 798 1440 16,
812 1409 835 1437 7,
852 1408 891 1436 12,
910 1410 1025 1439 quornm
1046 1401 1089 1427 liic
1109 1400 1161 1426 hoc
1178 1398 1236 1425 loco
1256 1397 1317 1423 item
1338 1393 1463 1421 adhibuit

199 1459 328 1486 Plinium.

286 1532 296 1555 1
318 1529 437 1554 moretur
450 1526 473 1552 L
525 1521 679 1550 haemorois
692 1519 755 1551 LM,
775 1519 843 1544 haec
863 1515 946 1543 orrois
960 1514 985 1540 R
1039 1518 1143 1538 morsus
1157 1509 1178 1536 S
1230 1507 1373 1541 anguinem
1387 1505 1415 1531 N

199 1573 279 1606 elegit
296 1571 330 1598 Μ
414 1572 429 1596 2
447 1568 549 1602 prieter
566 1565 600 1597 R,
622 1565 730 1599 praeter
748 1560 784 1593 N,
803 1562 943 1594 praeterea
963 1558 984 1584 C
1069 1557 1083 1581 3
1102 1552 1269 1587 percusserit
1288 1553 1314 1577 H
1332 1558 1391 1576 cum
1413 1547 1464 1574 Isi-

201 1616 269 1642 doro
358 1611 515 1640 disternitur
533 1608 572 1640 M,
591 1606 753 1633 discernitur
771 1603 821 1630 LI’
909 1600 1083 1627 extuberatos
1102 1595 1178 1623 LGP
1264 1596 1279 1620 4
1297 1594 1351 1619 itus
1371 1591 1399 1618 Ν

202 1658 307 1692 sapium
337 1656 377 1687 N,
411 1654 502 1688 sepius
529 1651 603 1682 6Ρῖ,
636 1648 800 1682 serpentium
826 1648 853 1673 H
963 1641 1147 1671 ammonitam
1173 1637 1233 1669 CG,
1266 1635 1400 1662 amonitae
1431 1636 1466 1661 H.

202 1700 391 1734 hammodytae
410 1697 439 1730 S,
457 1694 638 1722 hammoditae
657 1691 769 1720 RNLA,
787 1686 967 1715 hammodiiae
986 1685 1016 1712 Μ
1103 1684 1146 1709 est
1163 1683 1197 1712 et]
1217 1688 1246 1706 es
1265 1679 1300 1710 S,
1323 1685 1370 1704 aes
1390 1679 1411 1703 Α

205 1743 328 1773 chencris
346 1743 383 1773 Α,
402 1739 506 1768 ceneris
527 1740 554 1765 H
668 1738 682 1761 5
701 1732 881 1767 elephantiae]
901 1732 929 1757 et
947 1729 980 1755 el.
1000 1726 1074 1754 SAP
1176 1721 1315 1756 chresydri
1334 1720 1384 1748 Rc

206 1787 433 1815 chamedracones
457 1782 486 1809 N
565 1779 731 1807 nominatum
757 1775 787 1802 M
870 1776 884 1799 6
909 1774 1013 1799 tautum
1032 1768 1087 1796 RN
1167 1766 1235 1793 sinci
1253 1766 1275 1791 Α
1359 1762 1468 1789 lacerti-

206 1838 257 1865 que
275 1829 320 1856 SA
391 1830 403 1854 7
425 1825 603 1853 aderibuntur
622 1821 650 1848 N
718 1820 740 1845 si
759 1818 879 1847 sibilant]
901 1815 975 1843 ΕΒΑ
995 1813 1149 1839 coniectura
1167 1810 1303 1843 fortasse,
1327 1806 1351 1832 si
1369 1806 1386 1837 (i
1407 1803 1469 1833 RN)

207 1874 302 1900 bibant
319 1866 530 1898 RCNHLMSP
598 1867 612 1891 8
631 1864 742 1894 feriunt]
761 1861 863 1888 suerint
880 1859 915 1885 [³¹
986 1856 1107 1882 adfectos
1127 1854 1148 1879 S
1217 1853 1232 1877 9
1251 1849 1335 1877 occisi
1347 1860 1358 1872 ιιι
1380 1848 1414 1874 L¹

209 1917 279 1947 uter]
298 1917 358 1941 uter
377 1913 399 1940 si
418 1914 444 1940 H
552 1912 580 1935 10
600 1908 654 1933 alui
672 1905 839 1935 tumidiores]
858 1901 931 1929 aliud
949 1900 1075 1926 midiores
1095 1896 1129 1927 N,
1149 1894 1221 1921 aliud
1241 1893 1398 1919 humiliores
1417 1889 1471 1919 BC,

210 1959 289 1985 aluus
308 1956 441 1983 humidior
459 1956 500 1980 est
519 1955 545 1980 H
627 1948 755 1976 masculis
774 1948 795 1973 S
864 1946 945 1975 teres]
964 1946 1018 1969 ters
1037 1940 1067 1971 S,
1086 1948 1136 1965 om.
1157 1936 1260 1964 RCNH
1343 1936 1367 1959 11
1392 1932 1471 1958 etiam

210 2001 355 2034 mitiorque
377 1998 458 2031 igitur
477 2005 529 2023 om.
550 1995 570 2021 S
674 1992 720 2018 uni
738 1989 872 2017 uniuersis
891 1987 921 2014 Μ
1026 1984 1118 2013 hebes]
1138 1981 1224 2007 habes
1243 1978 1278 2011 S,
1301 1978 1334 2003 he
1346 1988 1357 1999 s
1370 1976 1418 2001 bes
1438 1974 1473 2005 Π,

214 2052 264 2070 om.
284 2043 309 2069 R
390 2041 474 2072 uisus]
494 2047 540 2066 sus
563 2038 586 2064 Ν
667 2036 694 2061 in
714 2042 767 2061 om.
785 2035 825 2060 Ha
911 2032 940 2055 13
959 2028 1061 2055 habent
1079 2026 1101 2052 Α
1194 2026 1222 2049 15
1242 2018 1422 2052 heliotrophio
1444 2018 1473 2045 G.

214 2085 357 2118 eliotropia
374 2086 410 2113 H.
429 2081 606 2109 heliotrochio
626 2079 656 2106 M
739 2079 769 2102 1ss
793 2072 1032 2101 eminentissimum
1052 2072 1079 2096 H
1163 2069 1190 2092 17
1215 2067 1256 2090 est
1279 2071 1329 2089 om.
1350 2061 1404 2088 MA

216 2128 371 2155 docimentis
390 2127 412 2153 L
483 2123 606 2159 pluribus
625 2122 675 2148 SA
740 2119 839 2152 libyam
859 2116 904 2148 P¹‚
927 2115 1041 2148 libysam
1060 2111 1098 2137 1³²
1166 2111 1194 2134 19
1214 2112 1390 2140 superpressa
1410 2105 1429 2129 «δ’

217 2174 247 2197 20
268 2171 373 2197 delectu
392 2168 446 2195 Mo
516 2167 588 2193 eneis
608 2164 657 2191 Rc
725 2166 882 2195 repercusso
903 2160 938 2188 H,
955 2161 1117 2189 reperrurso
1138 2152 1164 2177 Ν
