1593 2409
151 160 390 195 MELA2,1‚142

121 222 216 248 Geloni
229 221 344 247 hostium
357 220 425 246 cuti-

121 265 172 291 bus
185 272 267 297 equos
280 270 362 296 seque
380 270 423 289 ve-

120 308 185 339 lant,
194 306 254 332 illos
262 306 357 339 reliqui
365 313 424 332 cor-

120 349 202 383 poris,
221 356 250 375 se
269 348 396 382 capitum.

155 493 260 520 MELA
275 496 298 524 2,
314 496 335 523 l,
351 495 394 519 10:

121 552 268 586 Agathyrsi
281 559 329 579 ora
338 554 426 578 artus-

123 603 174 629 que
184 596 310 629 pingunt:
327 596 358 620 ut
368 593 426 628 qui-

122 646 173 673 que
190 638 336 664 maioribus
351 644 427 670 prae—

122 682 203 713 stant,
222 681 261 706 ita
279 680 362 712 magis
381 682 428 705 aut

121 724 224 756 minus,
243 724 362 750 ceterum
382 722 428 748 iis-

122 766 182 792 dem
200 773 291 792 omnes
313 765 383 791 notis
402 767 428 790 et

123 809 175 841 sic,
210 812 240 835 ut
273 808 346 834 ablui
382 815 427 834 ne-

123 854 231 885 queant.

158 969 392 1002 MELA2,1,13:

124 1030 196 1064 apud
218 1029 428 1063 Anthropopha-

123 1080 171 1105 gos
184 1072 258 1106 ipsae
271 1072 350 1098 etiam
363 1079 427 1106 epu-

125 1115 166 1140 lae
195 1115 342 1141 visceribus
378 1115 428 1141 hu-

125 1157 209 1184 manis
227 1160 402 1191 apparantur.

531 159 675 186 PLINIVS

489 968 634 996 PLINIVS
647 970 671 1000 6,
682 969 728 993 53:

456 1027 681 1063 Anthropophagi
698 1026 762 1060 Scy-

456 1072 520 1098 thae
537 1071 655 1098 insident
669 1069 762 1095 huma-

456 1115 497 1140 nis
523 1112 680 1147 corporibus.
707 1118 763 1137 ves-

455 1159 554 1183 centes.

491 1281 637 1309 PLINIVS
651 1283 675 1311 6,
689 1282 734 1306 53:

458 1343 517 1369 ideo
530 1343 606 1368 iuxta
619 1342 710 1367 vastae
722 1347 764 1365 so-

458 1384 583 1412 litudines
597 1404 603 1410 .
619 1403 624 1409 .
640 1403 646 1409 .

462 1639 607 1668 PLINIVS
620 1642 644 1670 6,
656 1640 770 1665 53—54:

465 1713 471 1718 .
484 1712 489 1718 .
502 1692 608 1718 deserta
618 1688 771 1716 cumbeluis

464 1741 549 1768 usque
566 1733 601 1759 ad
623 1732 713 1764 iugum
732 1730 771 1756 in-

464 1776 568 1803 cubans
575 1775 641 1800 mari
649 1773 720 1807 quod
726 1780 772 1799 vo-

464 1821 526 1845 cant
534 1817 638 1844 Tabim.
652 1824 701 1842 nec
709 1817 771 1841 ante

464 1861 599 1888 dimidiam
612 1860 696 1886 ferme
713 1858 773 1884 lon·

465 1903 611 1938 gitudinem
635 1902 691 1928 eius
709 1907 773 1927 orae

464 1953 533 1980 quae
561 1946 668 1979 spectat
693 1943 774 1970 aesti-

465 1997 526 2015 vum
549 1989 679 2014 orientem
696 1986 774 2013 inha-

468 2032 571 2058 bitatur
610 2030 657 2056 illa
694 2028 775 2061 regio.

468 2073 546 2107 primi
586 2075 650 2099 sunt
692 2070 777 2098 homi-

467 2124 532 2142 num
556 2115 602 2149 qui
630 2114 778 2141 noscantur

468 2160 556 2185 Seres.

802 77 854 103 XX

860 160 1009 187 AMMIAN
1012 161 1054 188 VS
1061 170 1067 186 :
1262 162 1427 189 SOLINVS:

788 220 1017 253 Geloniperquam
1027 219 1086 251 feri,
1096 220 1142 252 qui
1168 221 1263 248 Geloni
1292 222 1326 248 ad
1354 223 1403 248 hos
1433 221 1523 255 proxi-

787 261 915 288 detractis
943 264 1141 296 peremptorum
1167 265 1249 289 mant.
1281 263 1314 289 de
1326 264 1443 290 hostium
1456 264 1523 289 cuti-

786 304 904 331 hostium
934 304 1040 330 cutibus
1064 304 1141 330 indu·
1169 305 1218 331 bus
1243 307 1270 331 et
1294 305 1345 332 sibi
1368 305 1524 332 indumenta

786 349 876 373 menta
886 347 937 373 sibi
947 347 1076 380 equisque
1086 349 1141 379 teg·
1169 347 1273 373 faciunt
1303 351 1330 373 et
1366 347 1442 381 equis
1469 347 1524 374 suis

787 389 860 415 mina
888 388 1033 415 conficiunt
1061 388 1143 415 bena-
1168 389 1293 422 tegmina.

786 432 856 458 toria
874 432 914 463 (P).

789 549 898 575 Gelonis
906 549 1052 582 Agathyrsi
1063 549 1144 575 conli-
1173 550 1283 576 Gelonis
1298 551 1444 584 Agathyrsi
1462 556 1527 576 con—

786 591 881 618 mitant
909 591 1071 618 interstincti
1101 599 1145 618 co·
1171 592 1319 618 limitantur
1332 592 1440 618 caerulo
1453 591 1528 625 picti,

785 634 842 660 lore
875 634 998 660 caeruleo
1030 641 1145 667 corpora
1170 634 1269 661 fucatis
1282 634 1310 661 in
1321 634 1458 660 caerulum
1476 633 1528 660 cri-

787 676 863 702 simul
882 679 908 702 et
927 676 1027 709 crines,
1050 678 1077 701 et
1095 676 1144 702 hu·
1171 676 1258 707 nibus,
1269 684 1318 703 nee
1328 677 1380 703 hoc
1390 675 1528 703 sinediffe-

786 718 860 744 miles
871 718 977 751 quidem
985 718 1092 744 minutis
1103 720 1144 744 at·
1171 719 1272 745 rentia:
1286 726 1348 745 nam
1359 721 1459 752 quanto
1470 718 1529 752 quis

787 768 838 794 que
856 761 938 792 raris,
960 761 1064 787 nobiles
1082 768 1145 787 vero
1171 760 1529 795 anteit‚tant0propensiore

787 802 850 828 latis
864 802 963 829 fucatis
977 805 1003 829 et
1016 803 1144 829 densiori·
1173 806 1236 830 nota
1248 803 1387 836 tinguitur,
1400 805 1430 829 ut
1442 803 1478 829 sit
1489 803 1529 828 in-

788 845 839 871 bus
861 845 940 871 notis.
1171 845 1270 871 dicium
1276 845 1434 872 humilitatis
1442 844 1529 871 minus

1172 888 1252 921 pingi.

789 1026 851 1058 post
865 1024 913 1050 hos
928 1023 1146 1050 Melanchlaenas

789 1070 816 1093 et
834 1066 1080 1100 Anthropophagos
1098 1073 1147 1100 pa-

790 1109 840 1136 lari
863 1109 1018 1142 accepimus
1041 1116 1090 1142 per
1108 1109 1148 1135 di-

790 1159 876 1184 versa,
895 1152 1018 1177 humanis
1031 1151 1149 1185 corpori-

791 1194 841 1219 bus
860 1193 1012 1219 victitantes

793 1338 890 1371 quibus
902 1337 935 1363 ob
947 1337 1013 1363 haec
1023 1336 1150 1362 alimenta

793 1380 910 1406 nefanda
916 1379 1034 1405 >desertis
1045 1378 1150 1404 finitimi

793 1430 884 1449 omues
895 1422 974 1455 longa
984 1422 1084 1455 petiere
1097 1423 1151 1447 ter-

792 1472 891 1491 rarum.

1173 1022 1468 1056 postAnthropophagi‚
1475 1023 1532 1056 qui-

1174 1066 1224 1092 bus
1237 1065 1379 1092 execrandi
1398 1065 1450 1091 cibi
1467 1068 1530 1092 sunt

1175 1108 1292 1134 humana
1310 1108 1419 1134 viscera.

1177 1345 1254 1371 quem
1262 1343 1361 1363 morem
1368 1335 1465 1369 impiae
1471 1342 1534 1368 gen-

1177 1381 1211 1406 tis
1241 1378 1423 1404 adiacentium
1449 1380 1535 1404 terra-

1176 1430 1235 1448 rum
1263 1420 1353 1455 prodit
1379 1420 1536 1447 tristissima

1178 1464 1303 1495 solitudo,
1323 1470 1390 1496 quas
1407 1461 1440 1488 ob
1459 1461 1534 1487 nefa-

1179 1506 1339 1533 rium‘ritum
1348 1504 1479 1531 finitimae
1488 1510 1536 1529 na-

1178 1549 1265 1575 tiones
1280 1547 1413 1582 profugae
1424 1545 1537 1579 relique-

1179 1593 1250 1617 runt.

1179 1691 1211 1710 ea
1229 1691 1312 1710 eausa
1330 1684 1380 1713 est,
1402 1684 1433 1707 ut
1450 1687 1537 1714 usque

1179 1727 1214 1753 ad
1243 1733 1317 1751 mare
1348 1723 1420 1758 quod
1448 1722 1538 1749 Tabiu

1180 1770 1279 1794 vocant
1288 1765 1538 1800 perlongitudinem

1181 1811 1238 1836 eius
1257 1817 1328 1842 orae,
1347 1816 1415 1842 quae
1437 1807 1538 1834 aestivo

1183 1852 1279 1879 orienti
1292 1852 1405 1881 obiacet,
1419 1850 1477 1877 sine
1489 1850 1538 1876 ho-

797 1861 910 1895 ideoque
920 1857 998 1894 plaga
1007 1860 1093 1887 omnis
1104 1860 1156 1886 ori-

799 1904 853 1930 enti
865 1903 966 1930 aestivo
979 1903 1093 1934 obiecta,
1111 1910 1158 1930 us-

801 1953 851 1980 que
870 1946 931 1972 dum
944 1945 1048 1971 venitur
1066 1945 1100 1971 ad
1113 1945 1160 1972 Se-

800 1996 854 2021 ras,
862 1987 1047 2015 inhabitabilis
1054 1988 1160 2016 mansit.

1184 1895 1255 1921 mine
1279 1897 1353 1920 terra
1383 1893 1420 1919 sit
1447 1895 1474 1919 et
1496 1892 1539 1918 in-

1185 1944 1278 1963 mensa
1308 1936 1428 1967 deserta,
1455 1934 1544 1969 quoad

1187 1979 1359 2013 perveniatur
1377 1977 1412 2003 ad
1430 1977 1519 2004 Seras.
