<?xml version="1.0" encoding="UTF-8"?>
<!DOCTYPE html PUBLIC "-//W3C//DTD XHTML 1.0 Transitional//EN"
    "http://www.w3.org/TR/xhtml1/DTD/xhtml1-transitional.dtd">
<html xmlns="http://www.w3.org/1999/xhtml" xml:lang="en" lang="en">
 <head>
  <title>
</title>
<meta http-equiv="Content-Type" content="text/html;charset=utf-8" />
  <meta name='ocr-system' content='tesseract 3.04.00' />
  <meta name='ocr-capabilities' content='ocr_page ocr_carea ocr_par ocr_line ocrx_word'/>
</head>
<body>
  <div class='ocr_page' id='page_1' title='image "./collectanearerum00soliuoft_0105.png"; bbox 0 0 1593 2409; ppageno 0'>
   <div class='ocr_carea' id='block_1_1' title="bbox 655 105 689 131">
    <p class='ocr_par' dir='ltr' id='par_1_1' title="bbox 655 105 689 131">
     <span class='ocr_line' id='line_1_1' title="bbox 655 105 689 131; baseline 0.029 -1"><span class='ocrx_word' id='word_1_1' title='bbox 655 105 689 131; x_wconf 75' lang='lat'>01</span> 
     </span>
    </p>
   </div>
   <div class='ocr_carea' id='block_1_2' title="bbox 45 190 1320 2227">
    <p class='ocr_par' dir='ltr' id='par_1_2' title="bbox 45 190 1320 2227">
     <span class='ocr_line' id='line_1_2' title="bbox 522 190 1094 229; baseline -0.003 -8"><span class='ocrx_word' id='word_1_2' title='bbox 522 192 585 221; x_wconf 84' lang='lat' dir='ltr'>VIII</span> <span class='ocrx_word' id='word_1_3' title='bbox 609 193 669 229; x_wconf 78' lang='lat' dir='ltr'>(sic)</span> <span class='ocrx_word' id='word_1_4' title='bbox 693 191 861 221; x_wconf 79' lang='lat' dir='ltr'>Athlantico</span> <span class='ocrx_word' id='word_1_5' title='bbox 886 190 1094 220; x_wconf 78' lang='lat' dir='ltr'>costitutoruin</span> 
     </span>
     <span class='ocr_line' id='line_1_3' title="bbox 510 244 761 282; baseline -0.004 -9"><span class='ocrx_word' id='word_1_6' title='bbox 510 244 588 273; x_wconf 87' lang='lat' dir='ltr'>VIIII</span> <span class='ocrx_word' id='word_1_7' title='bbox 612 244 761 282; x_wconf 82' lang='lat' dir='ltr'>Gorgadas</span> 
     </span>
     <span class='ocr_line' id='line_1_4' title="bbox 566 293 949 333; baseline -0.008 -9"><span class='ocrx_word' id='word_1_8' title='bbox 566 295 590 325; x_wconf 87' lang='lat' dir='ltr'>X</span> <span class='ocrx_word' id='word_1_9' title='bbox 613 295 809 333; x_wconf 82' lang='lat' dir='ltr'>Hesperidum</span> <span class='ocrx_word' id='word_1_10' title='bbox 837 293 949 322; x_wconf 85' lang='lat' dir='ltr'>insulae</span> 
     </span>
     <span class='ocr_line' id='line_1_5' title="bbox 551 346 775 374; baseline 0 0"><span class='ocrx_word' id='word_1_11' title='bbox 551 346 589 374; x_wconf 95' lang='lat' dir='ltr'>XI</span> <span class='ocrx_word' id='word_1_12' title='bbox 613 346 775 374; x_wconf 87' lang='lat' dir='ltr'>Fortunate</span> 
     </span>
     <span class='ocr_line' id='line_1_6' title="bbox 537 395 875 426; baseline -0.003 -1"><span class='ocrx_word' id='word_1_13' title='bbox 537 396 589 426; x_wconf 86' lang='lat' dir='ltr'>XII</span> <span class='ocrx_word' id='word_1_14' title='bbox 613 396 756 425; x_wconf 87' lang='lat' dir='ltr'>Embrion</span> <span class='ocrx_word' id='word_1_15' title='bbox 780 395 875 425; x_wconf 83' lang='lat' dir='ltr'>insula</span> 
     </span>
     <span class='ocr_line' id='line_1_7' title="bbox 522 446 857 477; baseline -0.003 -1"><span class='ocrx_word' id='word_1_16' title='bbox 522 447 588 477; x_wconf 88' lang='lat' dir='ltr'>XIII</span> <span class='ocrx_word' id='word_1_17' title='bbox 611 447 737 476; x_wconf 86' lang='lat' dir='ltr'>Iunonia</span> <span class='ocrx_word' id='word_1_18' title='bbox 762 446 857 476; x_wconf 86' lang='lat' dir='ltr'>insula</span> 
     </span>
     <span class='ocr_line' id='line_1_8' title="bbox 512 498 729 528; baseline -0.009 0"><span class='ocrx_word' id='word_1_19' title='bbox 512 499 591 528; x_wconf 86' lang='lat' dir='ltr'>XIIII</span> <span class='ocrx_word' id='word_1_20' title='bbox 615 498 729 527; x_wconf 80' lang='lat' dir='ltr'>Nivaria</span> 
     </span>
     <span class='ocr_line' id='line_1_9' title="bbox 510 549 826 585; baseline -0.003 -7"><span class='ocrx_word' id='word_1_21' title='bbox 510 549 590 579; x_wconf 85' lang='lat' dir='ltr'>XIIII</span> <span class='ocrx_word' id='word_1_22' title='bbox 614 549 677 585; x_wconf 85' lang='lat' dir='ltr'>(sic)</span> <span class='ocrx_word' id='word_1_23' title='bbox 703 549 826 578; x_wconf 80' lang='lat' dir='ltr'>Canaria</span> 
     </span>
     <span class='ocr_line' id='line_1_10' title="bbox 130 597 1305 640; baseline -0.005 -9"><span class='ocrx_word' id='word_1_24' title='bbox 130 602 173 631; x_wconf 90' lang='lat' dir='ltr'>Ita</span> <span class='ocrx_word' id='word_1_25' title='bbox 186 602 214 631; x_wconf 92' lang='lat' dir='ltr'>in</span> <span class='ocrx_word' id='word_1_26' title='bbox 229 602 321 631; x_wconf 87' lang='lat' dir='ltr'>forma</span> <span class='ocrx_word' id='word_1_27' title='bbox 334 601 478 640; x_wconf 88' lang='lat' dir='ltr'>ampliore</span> <span class='ocrx_word' id='word_1_28' title='bbox 492 601 596 630; x_wconf 81' lang='lat' dir='ltr'>effecta</span> <span class='ocrx_word' id='word_1_29' title='bbox 608 601 703 640; x_wconf 80' lang='lat' dir='ltr'>capita</span> <span class='ocrx_word' id='word_1_30' title='bbox 717 600 833 629; x_wconf 85' lang='lat' dir='ltr'>minora</span> <span class='ocrx_word' id='word_1_31' title='bbox 848 598 915 628; x_wconf 84' lang='lat' dir='ltr'>libri</span> <span class='ocrx_word' id='word_1_32' title='bbox 928 597 1028 628; x_wconf 85' lang='lat' dir='ltr'>classis</span> <span class='ocrx_word' id='word_1_33' title='bbox 1043 597 1199 632; x_wconf 63' lang='lat' dir='ltr'>secundae„</span> <span class='ocrx_word' id='word_1_34' title='bbox 1217 605 1305 635; x_wconf 82' lang='lat' dir='ltr'>quam</span> 
     </span>
     <span class='ocr_line' id='line_1_11' title="bbox 45 648 1305 692; baseline -0.005 -10"><span class='ocrx_word' id='word_1_35' title='bbox 45 653 170 683; x_wconf 84' lang='lat' dir='ltr'>diximus</span> <span class='ocrx_word' id='word_1_36' title='bbox 195 661 335 683; x_wconf 83' lang='lat' dir='ltr'>numeros</span> <span class='ocrx_word' id='word_1_37' title='bbox 361 662 421 682; x_wconf 88' lang='lat' dir='ltr'>non</span> <span class='ocrx_word' id='word_1_38' title='bbox 446 662 599 692; x_wconf 87' lang='lat' dir='ltr'>apponere</span> <span class='ocrx_word' id='word_1_39' title='bbox 623 651 760 686; x_wconf 67' lang='lat' dir='ltr'>rubricis„</span> <span class='ocrx_word' id='word_1_40' title='bbox 786 653 945 680; x_wconf 79' lang='lat' dir='ltr'>numerant</span> <span class='ocrx_word' id='word_1_41' title='bbox 961 648 1079 678; x_wconf 79' lang='lat' dir='ltr'>denaria</span> <span class='ocrx_word' id='word_1_42' title='bbox 1104 649 1165 677; x_wconf 86' lang='lat' dir='ltr'>sere</span> <span class='ocrx_word' id='word_1_43' title='bbox 1182 648 1305 677; x_wconf 85' lang='lat' dir='ltr'>ratione.</span> 
     </span>
     <span class='ocr_line' id='line_1_12' title="bbox 46 699 1306 742; baseline -0.005 -9"><span class='ocrx_word' id='word_1_44' title='bbox 46 704 158 734; x_wconf 89' lang='lat' dir='ltr'>scilicet</span> <span class='ocrx_word' id='word_1_45' title='bbox 180 704 209 733; x_wconf 92' lang='lat' dir='ltr'>in</span> <span class='ocrx_word' id='word_1_46' title='bbox 234 703 330 733; x_wconf 90' lang='lat' dir='ltr'>indice</span> <span class='ocrx_word' id='word_1_47' title='bbox 354 703 421 733; x_wconf 89' lang='lat' dir='ltr'>libri</span> <span class='ocrx_word' id='word_1_48' title='bbox 438 704 473 733; x_wconf 91' lang='lat' dir='ltr'><em>M</em></span> <span class='ocrx_word' id='word_1_49' title='bbox 491 714 550 734; x_wconf 89' lang='lat' dir='ltr'>non</span> <span class='ocrx_word' id='word_1_50' title='bbox 576 709 758 742; x_wconf 69' lang='lat' dir='ltr'>constanter,</span> <span class='ocrx_word' id='word_1_51' title='bbox 782 703 832 733; x_wconf 89' lang='lat' dir='ltr'>sed</span> <span class='ocrx_word' id='word_1_52' title='bbox 856 701 964 741; x_wconf 80' lang='lat' dir='ltr'>passim</span> <span class='ocrx_word' id='word_1_53' title='bbox 990 699 1106 729; x_wconf 86' lang='lat' dir='ltr'>numeri</span> <span class='ocrx_word' id='word_1_54' title='bbox 1130 699 1306 738; x_wconf 85' lang='lat' dir='ltr'>plerumque</span> 
     </span>
     <span class='ocr_line' id='line_1_13' title="bbox 47 750 1307 794; baseline -0.004 -10"><span class='ocrx_word' id='word_1_55' title='bbox 47 755 157 785; x_wconf 86' lang='lat' dir='ltr'>denarii</span> <span class='ocrx_word' id='word_1_56' title='bbox 180 755 390 785; x_wconf 87' lang='lat' dir='ltr'>adscribuntur</span> <span class='ocrx_word' id='word_1_57' title='bbox 413 756 509 785; x_wconf 80' lang='lat' dir='ltr'>effecti</span> <span class='ocrx_word' id='word_1_58' title='bbox 534 765 568 785; x_wconf 86' lang='lat' dir='ltr'>ex</span> <span class='ocrx_word' id='word_1_59' title='bbox 593 755 738 794; x_wconf 75' lang='lat' dir='ltr'>capitibus</span> <span class='ocrx_word' id='word_1_60' title='bbox 755 755 811 784; x_wconf 88' lang='lat' dir='ltr'>illis</span> <span class='ocrx_word' id='word_1_61' title='bbox 829 764 843 783; x_wconf 88' lang='lat' dir='ltr'>a</span> <span class='ocrx_word' id='word_1_62' title='bbox 860 752 1008 792; x_wconf 81' lang='lat' dir='ltr'>principio</span> <span class='ocrx_word' id='word_1_63' title='bbox 1025 751 1059 780; x_wconf 79' lang='lat' dir='ltr'>ad</span> <span class='ocrx_word' id='word_1_64' title='bbox 1083 751 1193 780; x_wconf 82' lang='lat' dir='ltr'>calcem</span> <span class='ocrx_word' id='word_1_65' title='bbox 1216 750 1307 780; x_wconf 82' lang='lat' dir='ltr'>libelli</span> 
     </span>
     <span class='ocr_line' id='line_1_14' title="bbox 45 802 1309 846; baseline -0.005 -10"><span class='ocrx_word' id='word_1_66' title='bbox 45 807 273 845; x_wconf 83' lang='lat' dir='ltr'>pernumeratis.</span> <span class='ocrx_word' id='word_1_67' title='bbox 320 807 433 845; x_wconf 86' lang='lat' dir='ltr'>primus</span> <span class='ocrx_word' id='word_1_68' title='bbox 457 807 519 836; x_wconf 88' lang='lat' dir='ltr'>eius</span> <span class='ocrx_word' id='word_1_69' title='bbox 541 807 659 846; x_wconf 85' lang='lat' dir='ltr'>generis</span> <span class='ocrx_word' id='word_1_70' title='bbox 684 815 827 836; x_wconf 78' lang='lat' dir='ltr'>numerus</span> <span class='ocrx_word' id='word_1_71' title='bbox 850 806 879 834; x_wconf 90' lang='lat' dir='ltr'>in</span> <span class='ocrx_word' id='word_1_72' title='bbox 898 814 932 833; x_wconf 87' lang='lat' dir='ltr'>eo</span> <span class='ocrx_word' id='word_1_73' title='bbox 950 803 1046 832; x_wconf 87' lang='lat' dir='ltr'>indice</span> <span class='ocrx_word' id='word_1_74' title='bbox 1070 802 1241 831; x_wconf 89' lang='lat' dir='ltr'>enuntiatus</span> <span class='ocrx_word' id='word_1_75' title='bbox 1265 806 1309 831; x_wconf 88' lang='lat' dir='ltr'>est</span> 
     </span>
     <span class='ocr_line' id='line_1_15' title="bbox 46 853 1307 897; baseline -0.003 -11"><span class='ocrx_word' id='word_1_76' title='bbox 46 857 117 887; x_wconf 88' lang='lat' dir='ltr'>CXV</span> <span class='ocrx_word' id='word_1_77' title='bbox 141 862 209 897; x_wconf 85' lang='lat' dir='ltr'>post</span> <span class='ocrx_word' id='word_1_78' title='bbox 231 857 367 888; x_wconf 82' lang='lat' dir='ltr'>rubricas</span> <span class='ocrx_word' id='word_1_79' title='bbox 391 868 495 888; x_wconf 91' lang='lat' dir='ltr'>novem</span> <span class='ocrx_word' id='word_1_80' title='bbox 520 858 640 897; x_wconf 77' lang='lat' dir='ltr'>primas,</span> <span class='ocrx_word' id='word_1_81' title='bbox 664 867 739 896; x_wconf 84' lang='lat' dir='ltr'>quae</span> <span class='ocrx_word' id='word_1_82' title='bbox 764 857 859 896; x_wconf 86' lang='lat' dir='ltr'>capita</span> <span class='ocrx_word' id='word_1_83' title='bbox 883 855 1018 885; x_wconf 82' lang='lat' dir='ltr'>efficiunt</span> <span class='ocrx_word' id='word_1_84' title='bbox 1040 853 1124 883; x_wconf 85' lang='lat' dir='ltr'>CXIV</span> <span class='ocrx_word' id='word_1_85' title='bbox 1150 853 1307 890; x_wconf 75' lang='grc'><strong>(60-1-16</strong></span> 
     </span>
     <span class='ocr_line' id='line_1_16' title="bbox 45 904 1308 947; baseline -0.012 -1"><span class='ocrx_word' id='word_1_86' title='bbox 45 913 84 946; x_wconf 71' lang='grc'><strong>-1-</strong></span> <span class='ocrx_word' id='word_1_87' title='bbox 99 910 113 940; x_wconf 88' lang='grc'><strong>1</strong></span> <span class='ocrx_word' id='word_1_88' title='bbox 128 912 168 946; x_wconf 75' lang='lat' dir='ltr'>-l-</span> <span class='ocrx_word' id='word_1_89' title='bbox 181 909 198 940; x_wconf 87' lang='grc'><strong>3</strong></span> <span class='ocrx_word' id='word_1_90' title='bbox 212 912 250 945; x_wconf 83' lang='lat' dir='ltr'>-l-</span> <span class='ocrx_word' id='word_1_91' title='bbox 263 912 281 942; x_wconf 85' lang='lat'>9</span> <span class='ocrx_word' id='word_1_92' title='bbox 294 913 334 947; x_wconf 83' lang='lat' dir='ltr'>-l—</span> <span class='ocrx_word' id='word_1_93' title='bbox 349 912 365 941; x_wconf 82' lang='lat'><strong>7</strong></span> <span class='ocrx_word' id='word_1_94' title='bbox 380 914 420 947; x_wconf 74' lang='lat' dir='ltr'>-l—</span> <span class='ocrx_word' id='word_1_95' title='bbox 436 911 525 947; x_wconf 63' lang='lat'>11-1-</span> <span class='ocrx_word' id='word_1_96' title='bbox 540 912 553 940; x_wconf 84' lang='lat'>1</span> <span class='ocrx_word' id='word_1_97' title='bbox 569 913 609 946; x_wconf 77' lang='grc' dir='ltr'>-Ι-</span> <span class='ocrx_word' id='word_1_98' title='bbox 623 911 670 947; x_wconf 85' lang='grc'>6),</span> <span class='ocrx_word' id='word_1_99' title='bbox 695 908 860 947; x_wconf 84' lang='lat' dir='ltr'>adscriptus</span> <span class='ocrx_word' id='word_1_100' title='bbox 884 907 917 936; x_wconf 84' lang='lat' dir='ltr'>ad</span> <span class='ocrx_word' id='word_1_101' title='bbox 942 905 1079 935; x_wconf 87' lang='lat' dir='ltr'>rubricae</span> <span class='ocrx_word' id='word_1_102' title='bbox 1110 904 1238 933; x_wconf 81' lang='lat' dir='ltr'>decimae</span> <span class='ocrx_word' id='word_1_103' title='bbox 1262 904 1308 932; x_wconf 91' lang='lat' dir='ltr'>in-</span> 
     </span>
     <span class='ocr_line' id='line_1_17' title="bbox 47 955 1309 999; baseline -0.006 -9"><span class='ocrx_word' id='word_1_104' title='bbox 47 960 173 999; x_wconf 81' lang='lat' dir='ltr'>scriptae</span> <span class='ocrx_word' id='word_1_105' title='bbox 199 959 318 992; x_wconf 77' lang='lat' dir='ltr'>Thratia</span> <span class='ocrx_word' id='word_1_106' title='bbox 341 971 405 992; x_wconf 79' lang='lat' dir='ltr'>cum</span> <span class='ocrx_word' id='word_1_107' title='bbox 436 962 566 991; x_wconf 69' lang='lat' dir='ltr'>moribus</span> <span class='ocrx_word' id='word_1_108' title='bbox 589 966 614 991; x_wconf 81' lang='lat' dir='ltr'>et</span> <span class='ocrx_word' id='word_1_109' title='bbox 637 960 767 999; x_wconf 68' lang='lat' dir='ltr'>gentibus</span> <span class='ocrx_word' id='word_1_110' title='bbox 797 963 886 998; x_wconf 82' lang='lat' dir='ltr'>caput</span> <span class='ocrx_word' id='word_1_111' title='bbox 918 958 1046 996; x_wconf 85' lang='lat' dir='ltr'>primum</span> <span class='ocrx_word' id='word_1_112' title='bbox 1076 956 1253 994; x_wconf 86' lang='lat' dir='ltr'>inscriptum</span> <span class='ocrx_word' id='word_1_113' title='bbox 1278 955 1309 984; x_wconf 83' lang='lat' dir='ltr'>cle</span> 
     </span>
     <span class='ocr_line' id='line_1_18' title="bbox 48 1007 1309 1051; baseline -0.006 -9"><span class='ocrx_word' id='word_1_114' title='bbox 48 1011 116 1041; x_wconf 75' lang='lat' dir='ltr'>locis</span> <span class='ocrx_word' id='word_1_115' title='bbox 131 1017 156 1041; x_wconf 75' lang='lat' dir='ltr'>el</span> <span class='ocrx_word' id='word_1_116' title='bbox 167 1013 293 1051; x_wconf 78' lang='lat' dir='ltr'>populis,</span> <span class='ocrx_word' id='word_1_117' title='bbox 312 1022 379 1042; x_wconf 90' lang='lat' dir='ltr'>vere</span> <span class='ocrx_word' id='word_1_118' title='bbox 398 1013 489 1051; x_wconf 83' lang='lat' dir='ltr'>igitur</span> <span class='ocrx_word' id='word_1_119' title='bbox 505 1013 562 1041; x_wconf 90' lang='lat' dir='ltr'>hoc</span> <span class='ocrx_word' id='word_1_120' title='bbox 579 1016 623 1042; x_wconf 85' lang='lat' dir='ltr'>est</span> <span class='ocrx_word' id='word_1_121' title='bbox 638 1011 728 1041; x_wconf 86' lang='lat' dir='ltr'>libelli</span> <span class='ocrx_word' id='word_1_122' title='bbox 745 1015 835 1050; x_wconf 85' lang='lat' dir='ltr'>caput</span> <span class='ocrx_word' id='word_1_123' title='bbox 851 1009 932 1039; x_wconf 86' lang='lat' dir='ltr'>CXV.</span> <span class='ocrx_word' id='word_1_124' title='bbox 966 1013 1116 1038; x_wconf 84' lang='lat' dir='ltr'>extremus</span> <span class='ocrx_word' id='word_1_125' title='bbox 1140 1007 1203 1036; x_wconf 88' lang='lat' dir='ltr'>eius</span> <span class='ocrx_word' id='word_1_126' title='bbox 1219 1015 1309 1045; x_wconf 82' lang='lat' dir='ltr'>gene-</span> 
     </span>
     <span class='ocr_line' id='line_1_19' title="bbox 47 1057 1310 1101; baseline -0.006 -9"><span class='ocrx_word' id='word_1_127' title='bbox 47 1063 87 1092; x_wconf 86' lang='lat' dir='ltr'>ris</span> <span class='ocrx_word' id='word_1_128' title='bbox 111 1073 253 1093; x_wconf 87' lang='lat' dir='ltr'>numerus</span> <span class='ocrx_word' id='word_1_129' title='bbox 277 1064 306 1092; x_wconf 90' lang='lat' dir='ltr'>in</span> <span class='ocrx_word' id='word_1_130' title='bbox 332 1064 429 1093; x_wconf 84' lang='lat' dir='ltr'>indice</span> <span class='ocrx_word' id='word_1_131' title='bbox 452 1069 496 1094; x_wconf 85' lang='lat' dir='ltr'>est</span> <span class='ocrx_word' id='word_1_132' title='bbox 520 1063 663 1093; x_wconf 86' lang='lat' dir='ltr'>CCCCLX</span> <span class='ocrx_word' id='word_1_133' title='bbox 687 1062 853 1101; x_wconf 83' lang='lat' dir='ltr'>adscriptus</span> <span class='ocrx_word' id='word_1_134' title='bbox 877 1061 912 1090; x_wconf 85' lang='lat' dir='ltr'>ad</span> <span class='ocrx_word' id='word_1_135' title='bbox 944 1059 1080 1089; x_wconf 84' lang='lat' dir='ltr'>rubricae</span> <span class='ocrx_word' id='word_1_136' title='bbox 1110 1067 1199 1097; x_wconf 87' lang='lat' dir='ltr'>supra</span> <span class='ocrx_word' id='word_1_137' title='bbox 1222 1057 1310 1096; x_wconf 85' lang='lat' dir='ltr'>plene</span> 
     </span>
     <span class='ocr_line' id='line_1_20' title="bbox 49 1108 1310 1153; baseline -0.006 -9"><span class='ocrx_word' id='word_1_138' title='bbox 49 1114 158 1144; x_wconf 83' lang='lat' dir='ltr'>relatae</span> <span class='ocrx_word' id='word_1_139' title='bbox 182 1119 270 1153; x_wconf 87' lang='lat' dir='ltr'>caput</span> <span class='ocrx_word' id='word_1_140' title='bbox 285 1114 338 1144; x_wconf 88' lang='lat' dir='ltr'>XII</span> <span class='ocrx_word' id='word_1_141' title='bbox 362 1115 407 1144; x_wconf 85' lang='lat' dir='ltr'>vel</span> <span class='ocrx_word' id='word_1_142' title='bbox 424 1115 501 1151; x_wconf 75' lang='lat' dir='ltr'>XIII7</span> <span class='ocrx_word' id='word_1_143' title='bbox 525 1114 553 1143; x_wconf 91' lang='lat' dir='ltr'>id</span> <span class='ocrx_word' id='word_1_144' title='bbox 571 1114 649 1152; x_wconf 88' lang='lat' dir='ltr'>quod</span> <span class='ocrx_word' id='word_1_145' title='bbox 667 1118 746 1144; x_wconf 85' lang='lat' dir='ltr'>recte</span> <span class='ocrx_word' id='word_1_146' title='bbox 770 1112 931 1152; x_wconf 80' lang='lat' dir='ltr'>respondet</span> <span class='ocrx_word' id='word_1_147' title='bbox 954 1111 1082 1150; x_wconf 79' lang='lat' dir='ltr'>capitum</span> <span class='ocrx_word' id='word_1_148' title='bbox 1106 1119 1159 1149; x_wconf 91' lang='lat' dir='ltr'>per</span> <span class='ocrx_word' id='word_1_149' title='bbox 1182 1108 1310 1138; x_wconf 85' lang='lat' dir='ltr'>indicem</span> 
     </span>
     <span class='ocr_line' id='line_1_21' title="bbox 49 1159 1311 1204; baseline -0.007 -8"><span class='ocrx_word' id='word_1_150' title='bbox 49 1175 116 1195; x_wconf 85' lang='lat' dir='ltr'>eum</span> <span class='ocrx_word' id='word_1_151' title='bbox 140 1167 357 1202; x_wconf 83' lang='lat' dir='ltr'>numerationi3</span> <span class='ocrx_word' id='word_1_152' title='bbox 389 1167 485 1196; x_wconf 82' lang='lat' dir='ltr'>divisit</span> <span class='ocrx_word' id='word_1_153' title='bbox 514 1165 602 1204; x_wconf 82' lang='lat' dir='ltr'>igitur</span> <span class='ocrx_word' id='word_1_154' title='bbox 632 1165 681 1204; x_wconf 88' lang='lat' dir='ltr'>qui</span> <span class='ocrx_word' id='word_1_155' title='bbox 712 1165 859 1194; x_wconf 85' lang='lat' dir='ltr'>secundae</span> <span class='ocrx_word' id='word_1_156' title='bbox 891 1162 992 1193; x_wconf 84' lang='lat' dir='ltr'>classis</span> <span class='ocrx_word' id='word_1_157' title='bbox 1016 1161 1207 1199; x_wconf 84' lang='lat' dir='ltr'>archetypum</span> <span class='ocrx_word' id='word_1_158' title='bbox 1232 1159 1311 1187; x_wconf 91' lang='lat' dir='ltr'>ordi-</span> 
     </span>
     <span class='ocr_line' id='line_1_22' title="bbox 50 1209 1311 1255; baseline -0.008 -7"><span class='ocrx_word' id='word_1_159' title='bbox 50 1218 129 1247; x_wconf 88' lang='lat' dir='ltr'>navit</span> <span class='ocrx_word' id='word_1_160' title='bbox 142 1218 235 1247; x_wconf 90' lang='lat' dir='ltr'>Solini</span> <span class='ocrx_word' id='word_1_161' title='bbox 248 1218 497 1247; x_wconf 84' lang='lat' dir='ltr'>commentarium</span> <span class='ocrx_word' id='word_1_162' title='bbox 512 1217 541 1246; x_wconf 92' lang='lat' dir='ltr'>in</span> <span class='ocrx_word' id='word_1_163' title='bbox 555 1217 647 1255; x_wconf 74' lang='lat' dir='ltr'>capita</span> <span class='ocrx_word' id='word_1_164' title='bbox 662 1215 858 1246; x_wconf 88' lang='lat' dir='ltr'>CCCCLXIII.</span> <span class='ocrx_word' id='word_1_165' title='bbox 883 1215 984 1244; x_wconf 83' lang='lat' dir='ltr'>eadem</span> <span class='ocrx_word' id='word_1_166' title='bbox 998 1213 1127 1252; x_wconf 85' lang='lat' dir='ltr'>capitum</span> <span class='ocrx_word' id='word_1_167' title='bbox 1144 1209 1311 1240; x_wconf 86' lang='lat' dir='ltr'>numeratio</span> 
     </span>
     <span class='ocr_line' id='line_1_23' title="bbox 49 1260 1311 1306; baseline -0.008 -7"><span class='ocrx_word' id='word_1_168' title='bbox 49 1269 79 1298; x_wconf 88' lang='lat' dir='ltr'>in</span> <span class='ocrx_word' id='word_1_169' title='bbox 103 1269 198 1299; x_wconf 85' lang='lat' dir='ltr'>tribus</span> <span class='ocrx_word' id='word_1_170' title='bbox 221 1269 310 1299; x_wconf 88' lang='lat' dir='ltr'>huius</span> <span class='ocrx_word' id='word_1_171' title='bbox 327 1269 429 1299; x_wconf 86' lang='lat' dir='ltr'>classis</span> <span class='ocrx_word' id='word_1_172' title='bbox 446 1268 598 1298; x_wconf 82' lang='lat' dir='ltr'>codicibus</span> <span class='ocrx_word' id='word_1_173' title='bbox 614 1267 762 1306; x_wconf 84' lang='lat' dir='ltr'>primariis</span> <span class='ocrx_word' id='word_1_174' title='bbox 779 1266 860 1296; x_wconf 83' lang='lat' dir='ltr'>MLG</span> <span class='ocrx_word' id='word_1_175' title='bbox 884 1266 959 1295; x_wconf 88' lang='lat' dir='ltr'>redit</span> <span class='ocrx_word' id='word_1_176' title='bbox 982 1264 1016 1294; x_wconf 87' lang='lat' dir='ltr'>ad</span> <span class='ocrx_word' id='word_1_177' title='bbox 1034 1263 1197 1302; x_wconf 83' lang='lat' dir='ltr'>marginem</span> <span class='ocrx_word' id='word_1_178' title='bbox 1220 1260 1311 1290; x_wconf 85' lang='lat' dir='ltr'>libelli</span> 
     </span>
     <span class='ocr_line' id='line_1_24' title="bbox 50 1314 1310 1360; baseline -0.007 -10"><span class='ocrx_word' id='word_1_179' title='bbox 50 1321 141 1360; x_wconf 89' lang='lat' dir='ltr'>ipsius</span> <span class='ocrx_word' id='word_1_180' title='bbox 165 1330 226 1350; x_wconf 90' lang='lat' dir='ltr'>non</span> <span class='ocrx_word' id='word_1_181' title='bbox 251 1320 438 1356; x_wconf 71' lang='lat' dir='ltr'>continuata,</span> <span class='ocrx_word' id='word_1_182' title='bbox 463 1320 514 1350; x_wconf 90' lang='lat' dir='ltr'>sed</span> <span class='ocrx_word' id='word_1_183' title='bbox 538 1325 683 1358; x_wconf 84' lang='lat' dir='ltr'>quatenns</span> <span class='ocrx_word' id='word_1_184' title='bbox 708 1322 845 1357; x_wconf 86' lang='lat' dir='ltr'>superest</span> <span class='ocrx_word' id='word_1_185' title='bbox 867 1317 1062 1356; x_wconf 82' lang='lat' dir='ltr'>respondens.</span> <span class='ocrx_word' id='word_1_186' title='bbox 1108 1314 1183 1344; x_wconf 87' lang='lat' dir='ltr'>dabo</span> <span class='ocrx_word' id='word_1_187' title='bbox 1207 1321 1310 1343; x_wconf 83' lang='lat' dir='ltr'>eorum</span> 
     </span>
     <span class='ocr_line' id='line_1_25' title="bbox 51 1372 635 1410; baseline -0.003 -9"><span class='ocrx_word' id='word_1_188' title='bbox 51 1381 243 1401; x_wconf 89' lang='lat' dir='ltr'>numerorum</span> <span class='ocrx_word' id='word_1_189' title='bbox 267 1372 381 1410; x_wconf 84' lang='lat' dir='ltr'>primos</span> <span class='ocrx_word' id='word_1_190' title='bbox 405 1376 635 1410; x_wconf 74' lang='lat' dir='ltr'>postremosque</span> 
     </span>
     <span class='ocr_line' id='line_1_26' title="bbox 53 1417 1311 1462; baseline -0.006 -10"><span class='ocrx_word' id='word_1_191' title='bbox 53 1423 86 1452; x_wconf 81' lang='lat' dir='ltr'><em>M</em></span> <span class='ocrx_word' id='word_1_192' title='bbox 100 1437 141 1448; x_wconf 93' lang='lat'>=</span> <span class='ocrx_word' id='word_1_193' title='bbox 156 1423 284 1462; x_wconf 87' lang='lat' dir='ltr'>primum</span> <span class='ocrx_word' id='word_1_194' title='bbox 308 1423 358 1452; x_wconf 85' lang='lat' dir='ltr'>LX</span> <span class='ocrx_word' id='word_1_195' title='bbox 382 1424 461 1452; x_wconf 79' lang='lat' dir='ltr'>iuxta</span> <span class='ocrx_word' id='word_1_196' title='bbox 485 1424 569 1452; x_wconf 75' lang='lat' dir='ltr'>navis</span> <span class='ocrx_word' id='word_1_197' title='bbox 591 1432 608 1451; x_wconf 88' lang='lat' dir='ltr'>a</span> <span class='ocrx_word' id='word_1_198' title='bbox 625 1420 752 1459; x_wconf 62' lang='lat' dir='ltr'>Phrygia</span> <span class='ocrx_word' id='word_1_199' title='bbox 769 1430 797 1459; x_wconf 88' lang='lat' dir='ltr'>p.</span> <span class='ocrx_word' id='word_1_200' title='bbox 817 1421 865 1455; x_wconf 83' lang='lat'>30,</span> <span class='ocrx_word' id='word_1_201' title='bbox 884 1421 917 1449; x_wconf 91' lang='grc'>7;</span> <span class='ocrx_word' id='word_1_202' title='bbox 943 1417 1104 1456; x_wconf 79' lang='lat' dir='ltr'>respondet</span> <span class='ocrx_word' id='word_1_203' title='bbox 1126 1417 1166 1446; x_wconf 94' lang='lat' dir='ltr'>illi</span> <span class='ocrx_word' id='word_1_204' title='bbox 1185 1424 1311 1445; x_wconf 87' lang='lat' dir='ltr'>numero</span> 
     </span>
     <span class='ocr_line' id='line_1_27' title="bbox 310 1467 1312 1511; baseline -0.008 -8"><span class='ocrx_word' id='word_1_205' title='bbox 310 1474 339 1503; x_wconf 93' lang='lat' dir='ltr'>in</span> <span class='ocrx_word' id='word_1_206' title='bbox 364 1474 460 1503; x_wconf 87' lang='lat' dir='ltr'>indice</span> <span class='ocrx_word' id='word_1_207' title='bbox 486 1477 574 1511; x_wconf 82' lang='lat' dir='ltr'>caput</span> <span class='ocrx_word' id='word_1_208' title='bbox 589 1472 766 1510; x_wconf 87' lang='lat' dir='ltr'>inscriptum</span> <span class='ocrx_word' id='word_1_209' title='bbox 792 1472 823 1501; x_wconf 77' lang='lat' dir='ltr'>cle</span> <span class='ocrx_word' id='word_1_210' title='bbox 842 1470 981 1510; x_wconf 74' lang='lat' dir='ltr'>pudicitia</span> <span class='ocrx_word' id='word_1_211' title='bbox 996 1468 1155 1498; x_wconf 75' lang='lat' dir='ltr'>matronali</span> <span class='ocrx_word' id='word_1_212' title='bbox 1175 1467 1312 1506; x_wconf 80' lang='lat' dir='ltr'>felicitate</span> 
     </span>
     <span class='ocr_line' id='line_1_28' title="bbox 308 1523 792 1561; baseline -0.004 -7"><span class='ocrx_word' id='word_1_213' title='bbox 308 1526 393 1554; x_wconf 72' lang='lat' dir='ltr'>etiam</span> <span class='ocrx_word' id='word_1_214' title='bbox 419 1530 444 1554; x_wconf 81' lang='lat' dir='ltr'>ec</span> <span class='ocrx_word' id='word_1_215' title='bbox 467 1525 587 1554; x_wconf 81' lang='lat' dir='ltr'>adversa</span> <span class='ocrx_word' id='word_1_216' title='bbox 609 1523 792 1561; x_wconf 66' lang='lat' dir='ltr'>singulorum</span> 
     </span>
     <span class='ocr_line' id='line_1_29' title="bbox 153 1569 1313 1615; baseline -0.007 -10"><span class='ocrx_word' id='word_1_217' title='bbox 153 1580 334 1615; x_wconf 81' lang='lat' dir='ltr'>postremum</span> <span class='ocrx_word' id='word_1_218' title='bbox 361 1575 477 1605; x_wconf 90' lang='lat' dir='ltr'>CCCCL</span> <span class='ocrx_word' id='word_1_219' title='bbox 502 1575 582 1604; x_wconf 84' lang='lat' dir='ltr'>iuxta</span> <span class='ocrx_word' id='word_1_220' title='bbox 603 1579 750 1613; x_wconf 72' lang='lat' dir='ltr'>praeterea</span> <span class='ocrx_word' id='word_1_221' title='bbox 772 1573 853 1603; x_wconf 73' lang='lat' dir='ltr'>habet</span> <span class='ocrx_word' id='word_1_222' title='bbox 868 1583 897 1612; x_wconf 87' lang='lat' dir='ltr'>p.</span> <span class='ocrx_word' id='word_1_223' title='bbox 914 1573 986 1607; x_wconf 78' lang='lat'>203,</span> <span class='ocrx_word' id='word_1_224' title='bbox 1004 1573 1038 1602; x_wconf 73' lang='lat' dir='ltr'>S:</span> <span class='ocrx_word' id='word_1_225' title='bbox 1063 1572 1091 1600; x_wconf 91' lang='lat' dir='ltr'>in</span> <span class='ocrx_word' id='word_1_226' title='bbox 1116 1570 1213 1599; x_wconf 87' lang='lat' dir='ltr'>indice</span> <span class='ocrx_word' id='word_1_227' title='bbox 1236 1569 1313 1598; x_wconf 84' lang='lat' dir='ltr'>idem</span> 
     </span>
     <span class='ocr_line' id='line_1_30' title="bbox 308 1623 1135 1664; baseline -0.004 -9"><span class='ocrx_word' id='word_1_228' title='bbox 308 1636 451 1656; x_wconf 84' lang='lat' dir='ltr'>numerus</span> <span class='ocrx_word' id='word_1_229' title='bbox 475 1625 641 1664; x_wconf 81' lang='lat' dir='ltr'>adscriptus</span> <span class='ocrx_word' id='word_1_230' title='bbox 665 1629 709 1654; x_wconf 82' lang='lat' dir='ltr'>est</span> <span class='ocrx_word' id='word_1_231' title='bbox 733 1624 767 1653; x_wconf 91' lang='lat' dir='ltr'>ad</span> <span class='ocrx_word' id='word_1_232' title='bbox 792 1629 880 1663; x_wconf 84' lang='lat' dir='ltr'>caput</span> <span class='ocrx_word' id='word_1_233' title='bbox 903 1625 935 1653; x_wconf 77' lang='lat' dir='ltr'>(le</span> <span class='ocrx_word' id='word_1_234' title='bbox 958 1623 1135 1661; x_wconf 79' lang='lat' dir='ltr'>celonofayz&#39;s</span> 
     </span>
     <span class='ocr_line' id='line_1_31' title="bbox 101 1671 1314 1717; baseline -0.006 -10"><span class='ocrx_word' id='word_1_235' title='bbox 101 1692 143 1702; x_wconf 87' lang='lat'>=</span> <span class='ocrx_word' id='word_1_236' title='bbox 159 1678 287 1717; x_wconf 79' lang='lat' dir='ltr'>primun]</span> <span class='ocrx_word' id='word_1_237' title='bbox 313 1677 438 1707; x_wconf 89' lang='lat' dir='ltr'>CCXXX</span> <span class='ocrx_word' id='word_1_238' title='bbox 461 1678 541 1707; x_wconf 83' lang='lat' dir='ltr'>iuxta</span> <span class='ocrx_word' id='word_1_239' title='bbox 565 1678 652 1706; x_wconf 76' lang='lat' dir='ltr'>etiam</span> <span class='ocrx_word' id='word_1_240' title='bbox 675 1678 828 1714; x_wconf 61' lang='lat' dir='ltr'>initiorque</span> <span class='ocrx_word' id='word_1_241' title='bbox 851 1685 879 1714; x_wconf 88' lang='lat' dir='ltr'>p.</span> <span class='ocrx_word' id='word_1_242' title='bbox 900 1676 968 1710; x_wconf 64' lang='lat'>123,</span> <span class='ocrx_word' id='word_1_243' title='bbox 989 1676 1042 1705; x_wconf 90' lang='lat'>11:</span> <span class='ocrx_word' id='word_1_244' title='bbox 1073 1674 1103 1703; x_wconf 90' lang='lat' dir='ltr'>in</span> <span class='ocrx_word' id='word_1_245' title='bbox 1127 1673 1224 1703; x_wconf 84' lang='lat' dir='ltr'>indice</span> <span class='ocrx_word' id='word_1_246' title='bbox 1248 1671 1314 1701; x_wconf 90' lang='lat' dir='ltr'>libri</span> 
     </span>
     <span class='ocr_line' id='line_1_32' title="bbox 309 1723 1316 1766; baseline -0.005 -9"><span class='ocrx_word' id='word_1_247' title='bbox 309 1728 343 1757; x_wconf 88' lang='lat' dir='ltr'><em>M</em></span> <span class='ocrx_word' id='word_1_248' title='bbox 364 1728 440 1757; x_wconf 83' lang='lat' dir='ltr'>idem</span> <span class='ocrx_word' id='word_1_249' title='bbox 465 1737 607 1758; x_wconf 86' lang='lat' dir='ltr'>numerus</span> <span class='ocrx_word' id='word_1_250' title='bbox 632 1727 798 1766; x_wconf 78' lang='lat' dir='ltr'>adscriptus</span> <span class='ocrx_word' id='word_1_251' title='bbox 827 1731 871 1756; x_wconf 86' lang='lat' dir='ltr'>est</span> <span class='ocrx_word' id='word_1_252' title='bbox 899 1727 933 1756; x_wconf 86' lang='lat' dir='ltr'>ad</span> <span class='ocrx_word' id='word_1_253' title='bbox 966 1730 1055 1764; x_wconf 88' lang='lat' dir='ltr'>caput</span> <span class='ocrx_word' id='word_1_254' title='bbox 1084 1724 1259 1763; x_wconf 88' lang='lat' dir='ltr'>inscriptum</span> <span class='ocrx_word' id='word_1_255' title='bbox 1283 1723 1316 1752; x_wconf 80' lang='lat' dir='ltr'>de</span> 
     </span>
     <span class='ocr_line' id='line_1_33' title="bbox 309 1777 1120 1817; baseline -0.004 -8"><span class='ocrx_word' id='word_1_256' title='bbox 309 1780 468 1810; x_wconf 78' lang='lat' dir='ltr'>ammodita</span> <span class='ocrx_word' id='word_1_257' title='bbox 490 1784 516 1809; x_wconf 81' lang='lat' dir='ltr'>et</span> <span class='ocrx_word' id='word_1_258' title='bbox 539 1780 638 1809; x_wconf 79' lang='lat' dir='ltr'>ceteris</span> <span class='ocrx_word' id='word_1_259' title='bbox 662 1779 744 1817; x_wconf 76' lang='lat' dir='ltr'>infra</span> <span class='ocrx_word' id='word_1_260' title='bbox 767 1780 880 1817; x_wconf 79' lang='lat' dir='ltr'>scriptis</span> <span class='ocrx_word' id='word_1_261' title='bbox 903 1791 943 1802; x_wconf 88' lang='lat'>=</span> <span class='ocrx_word' id='word_1_262' title='bbox 968 1787 996 1816; x_wconf 88' lang='lat' dir='ltr'>p.</span> <span class='ocrx_word' id='word_1_263' title='bbox 1015 1777 1083 1811; x_wconf 85' lang='grc'><strong>123,</strong></span> <span class='ocrx_word' id='word_1_264' title='bbox 1101 1778 1120 1806; x_wconf 75' lang='lat'>4</span> 
     </span>
     <span class='ocr_line' id='line_1_34' title="bbox 155 1824 1319 1871; baseline -0.006 -10"><span class='ocrx_word' id='word_1_265' title='bbox 155 1836 338 1871; x_wconf 88' lang='lat' dir='ltr'>postremum</span> <span class='ocrx_word' id='word_1_266' title='bbox 370 1829 518 1860; x_wconf 84' lang='lat' dir='ltr'>CCCXXX</span> <span class='ocrx_word' id='word_1_267' title='bbox 549 1830 628 1860; x_wconf 87' lang='lat' dir='ltr'>iuxta</span> <span class='ocrx_word' id='word_1_268' title='bbox 653 1829 737 1859; x_wconf 64' lang='lat' dir='ltr'>Oxus</span> <span class='ocrx_word' id='word_1_269' title='bbox 766 1831 861 1859; x_wconf 71' lang='lat' dir='ltr'>atmzis</span> <span class='ocrx_word' id='word_1_270' title='bbox 885 1839 913 1868; x_wconf 91' lang='lat' dir='ltr'>p.</span> <span class='ocrx_word' id='word_1_271' title='bbox 933 1830 1002 1863; x_wconf 79' lang='grc'><strong>179,</strong></span> <span class='ocrx_word' id='word_1_272' title='bbox 1024 1830 1076 1859; x_wconf 85' lang='grc'>19;</span> <span class='ocrx_word' id='word_1_273' title='bbox 1105 1828 1134 1856; x_wconf 92' lang='lat' dir='ltr'>in</span> <span class='ocrx_word' id='word_1_274' title='bbox 1165 1826 1261 1855; x_wconf 83' lang='lat' dir='ltr'>indice</span> <span class='ocrx_word' id='word_1_275' title='bbox 1284 1824 1319 1855; x_wconf 85' lang='lat' dir='ltr'><em>M</em></span> 
     </span>
     <span class='ocr_line' id='line_1_35' title="bbox 311 1878 1317 1920; baseline -0.007 -8"><span class='ocrx_word' id='word_1_276' title='bbox 311 1882 388 1912; x_wconf 88' lang='lat' dir='ltr'>idem</span> <span class='ocrx_word' id='word_1_277' title='bbox 406 1891 548 1912; x_wconf 85' lang='lat' dir='ltr'>numerus</span> <span class='ocrx_word' id='word_1_278' title='bbox 566 1881 731 1920; x_wconf 79' lang='lat' dir='ltr'>adscriptus</span> <span class='ocrx_word' id='word_1_279' title='bbox 748 1885 792 1910; x_wconf 85' lang='lat' dir='ltr'>est</span> <span class='ocrx_word' id='word_1_280' title='bbox 805 1881 839 1910; x_wconf 84' lang='lat' dir='ltr'>ad</span> <span class='ocrx_word' id='word_1_281' title='bbox 857 1884 945 1919; x_wconf 80' lang='lat' dir='ltr'>caput</span> <span class='ocrx_word' id='word_1_282' title='bbox 962 1879 994 1909; x_wconf 81' lang='lat' dir='ltr'>(le</span> <span class='ocrx_word' id='word_1_283' title='bbox 1006 1879 1130 1908; x_wconf 79' lang='lat' dir='ltr'>Aretissa</span> <span class='ocrx_word' id='word_1_284' title='bbox 1142 1878 1264 1916; x_wconf 79' lang='lat' dir='ltr'>flumine</span> <span class='ocrx_word' id='word_1_285' title='bbox 1276 1889 1317 1901; x_wconf 91' lang='lat'>=</span> 
     </span>
     <span class='ocr_line' id='line_1_36' title="bbox 309 1927 1318 1972; baseline -0.006 -10"><span class='ocrx_word' id='word_1_286' title='bbox 309 1943 338 1972; x_wconf 90' lang='lat' dir='ltr'>p.</span> <span class='ocrx_word' id='word_1_287' title='bbox 364 1935 436 1968; x_wconf 81' lang='lat'>157,</span> <span class='ocrx_word' id='word_1_288' title='bbox 465 1935 520 1969; x_wconf 73' lang='lat'>14,</span> <span class='ocrx_word' id='word_1_289' title='bbox 551 1937 655 1962; x_wconf 87' lang='lat' dir='ltr'>contra</span> <span class='ocrx_word' id='word_1_290' title='bbox 680 1931 852 1962; x_wconf 85' lang='lat' dir='ltr'>CCCLXXX</span> <span class='ocrx_word' id='word_1_291' title='bbox 882 1932 915 1961; x_wconf 89' lang='lat' dir='ltr'>ad</span> <span class='ocrx_word' id='word_1_292' title='bbox 941 1934 1031 1970; x_wconf 87' lang='lat' dir='ltr'>caput</span> <span class='ocrx_word' id='word_1_293' title='bbox 1054 1929 1133 1968; x_wconf 87' lang='lat' dir='ltr'>quod</span> <span class='ocrx_word' id='word_1_294' title='bbox 1157 1927 1318 1967; x_wconf 88' lang='lat' dir='ltr'>respondet</span> 
     </span>
     <span class='ocr_line' id='line_1_37' title="bbox 310 1983 1013 2023; baseline 0.001 -10"><span class='ocrx_word' id='word_1_295' title='bbox 310 1989 405 2023; x_wconf 66' lang='lat' dir='ltr'>gentes</span> <span class='ocrx_word' id='word_1_296' title='bbox 428 1986 502 2014; x_wconf 78' lang='lat' dir='ltr'>circa</span> <span class='ocrx_word' id='word_1_297' title='bbox 527 1983 626 2013; x_wconf 77' lang='lat' dir='ltr'>Owum</span> <span class='ocrx_word' id='word_1_298' title='bbox 649 1993 762 2014; x_wconf 77' lang='lat' dir='ltr'>amnem</span> <span class='ocrx_word' id='word_1_299' title='bbox 779 1997 821 2007; x_wconf 92' lang='lat'><strong><em>=</em></strong></span> <span class='ocrx_word' id='word_1_300' title='bbox 837 1993 866 2022; x_wconf 86' lang='lat' dir='ltr'>p.</span> <span class='ocrx_word' id='word_1_301' title='bbox 886 1984 956 2018; x_wconf 82' lang='grc'><strong>179,</strong></span> <span class='ocrx_word' id='word_1_302' title='bbox 977 1984 1013 2014; x_wconf 82' lang='grc'>19</span> 
     </span>
     <span class='ocr_line' id='line_1_38' title="bbox 61 2031 1318 2075; baseline -0.005 -11"><span class='ocrx_word' id='word_1_303' title='bbox 61 2034 83 2064; x_wconf 81' lang='lat' dir='ltr'><em>G</em></span> <span class='ocrx_word' id='word_1_304' title='bbox 105 2049 146 2059; x_wconf 86' lang='lat'>=</span> <span class='ocrx_word' id='word_1_305' title='bbox 162 2036 290 2075; x_wconf 81' lang='lat' dir='ltr'>prifflum</span> <span class='ocrx_word' id='word_1_306' title='bbox 317 2035 439 2065; x_wconf 85' lang='lat' dir='ltr'>CCLXX</span> <span class='ocrx_word' id='word_1_307' title='bbox 457 2035 536 2064; x_wconf 88' lang='lat' dir='ltr'>iuxta</span> <span class='ocrx_word' id='word_1_308' title='bbox 552 2037 616 2065; x_wconf 74' lang='lat' dir='ltr'>visa</span> <span class='ocrx_word' id='word_1_309' title='bbox 632 2039 699 2064; x_wconf 78' lang='lat' dir='ltr'>sunt</span> <span class='ocrx_word' id='word_1_310' title='bbox 717 2044 745 2073; x_wconf 87' lang='lat' dir='ltr'>p.</span> <span class='ocrx_word' id='word_1_311' title='bbox 766 2035 835 2069; x_wconf 72' lang='lat'>134,</span> <span class='ocrx_word' id='word_1_312' title='bbox 853 2035 887 2064; x_wconf 78' lang='lat'>2:</span> <span class='ocrx_word' id='word_1_313' title='bbox 913 2034 942 2063; x_wconf 92' lang='lat' dir='ltr'>in</span> <span class='ocrx_word' id='word_1_314' title='bbox 960 2033 1057 2062; x_wconf 86' lang='lat' dir='ltr'>indice</span> <span class='ocrx_word' id='word_1_315' title='bbox 1074 2031 1109 2062; x_wconf 89' lang='lat' dir='ltr'><em>M</em></span> <span class='ocrx_word' id='word_1_316' title='bbox 1128 2032 1152 2061; x_wconf 88' lang='lat' dir='ltr'>is</span> <span class='ocrx_word' id='word_1_317' title='bbox 1176 2038 1318 2061; x_wconf 88' lang='lat' dir='ltr'>numerus</span> 
     </span>
     <span class='ocr_line' id='line_1_39' title="bbox 313 2084 1168 2126; baseline -0.004 -10"><span class='ocrx_word' id='word_1_318' title='bbox 313 2087 479 2126; x_wconf 86' lang='lat' dir='ltr'>adscriptus</span> <span class='ocrx_word' id='word_1_319' title='bbox 503 2091 546 2117; x_wconf 88' lang='lat' dir='ltr'>est</span> <span class='ocrx_word' id='word_1_320' title='bbox 570 2086 605 2116; x_wconf 87' lang='lat' dir='ltr'>ad</span> <span class='ocrx_word' id='word_1_321' title='bbox 629 2090 717 2126; x_wconf 87' lang='lat' dir='ltr'>caput</span> <span class='ocrx_word' id='word_1_322' title='bbox 741 2086 773 2115; x_wconf 70' lang='lat' dir='ltr'>(le</span> <span class='ocrx_word' id='word_1_323' title='bbox 796 2085 940 2124; x_wconf 81' lang='lat' dir='ltr'>catoblepa</span> <span class='ocrx_word' id='word_1_324' title='bbox 956 2098 998 2109; x_wconf 92' lang='lat'>=</span> <span class='ocrx_word' id='word_1_325' title='bbox 1014 2094 1042 2122; x_wconf 91' lang='lat' dir='ltr'>p.</span> <span class='ocrx_word' id='word_1_326' title='bbox 1063 2084 1132 2118; x_wconf 69' lang='lat'>134,</span> <span class='ocrx_word' id='word_1_327' title='bbox 1151 2084 1168 2113; x_wconf 86' lang='lat' dir='ltr'>S</span> 
     </span>
     <span class='ocr_line' id='line_1_40' title="bbox 160 2139 456 2177; baseline 0.007 -11"><span class='ocrx_word' id='word_1_328' title='bbox 160 2142 342 2177; x_wconf 84' lang='lat' dir='ltr'>postremum</span> <span class='ocrx_word' id='word_1_329' title='bbox 366 2143 398 2168; x_wconf 88' lang='lat' dir='ltr'>ut</span> <span class='ocrx_word' id='word_1_330' title='bbox 421 2139 456 2168; x_wconf 84' lang='lat' dir='ltr'>L.</span> 
     </span>
     <span class='ocr_line' id='line_1_41' title="bbox 61 2183 1320 2227; baseline -0.005 -10"><span class='ocrx_word' id='word_1_331' title='bbox 61 2188 93 2217; x_wconf 91' lang='lat' dir='ltr'>ln</span> <span class='ocrx_word' id='word_1_332' title='bbox 119 2188 248 2219; x_wconf 83' lang='lat' dir='ltr'>editione</span> <span class='ocrx_word' id='word_1_333' title='bbox 271 2189 372 2227; x_wconf 85' lang='lat' dir='ltr'>priore</span> <span class='ocrx_word' id='word_1_334' title='bbox 396 2189 458 2218; x_wconf 85' lang='lat' dir='ltr'>eius</span> <span class='ocrx_word' id='word_1_335' title='bbox 482 2188 697 2218; x_wconf 85' lang='lat' dir='ltr'>numerationis</span> <span class='ocrx_word' id='word_1_336' title='bbox 719 2187 840 2226; x_wconf 78' lang='lat' dir='ltr'>vestigia</span> <span class='ocrx_word' id='word_1_337' title='bbox 864 2187 895 2216; x_wconf 87' lang='lat' dir='ltr'>in</span> <span class='ocrx_word' id='word_1_338' title='bbox 918 2186 965 2216; x_wconf 86' lang='lat' dir='ltr'>LG</span> <span class='ocrx_word' id='word_1_339' title='bbox 989 2189 1100 2215; x_wconf 81' lang='lat' dir='ltr'>servata</span> <span class='ocrx_word' id='word_1_340' title='bbox 1124 2184 1233 2219; x_wconf 81' lang='lat' dir='ltr'>rettuli,</span> <span class='ocrx_word' id='word_1_341' title='bbox 1258 2183 1320 2212; x_wconf 83' lang='lat' dir='ltr'>cola</span> 
     </span>
    </p>
   </div>
  </div>
 </body>
</html>
