<?xml version="1.0" encoding="UTF-8"?>
<!DOCTYPE html PUBLIC "-//W3C//DTD XHTML 1.0 Transitional//EN"
    "http://www.w3.org/TR/xhtml1/DTD/xhtml1-transitional.dtd">
<html xmlns="http://www.w3.org/1999/xhtml" xml:lang="en" lang="en">
 <head>
  <title>
</title>
<meta http-equiv="Content-Type" content="text/html;charset=utf-8" />
  <meta name='ocr-system' content='tesseract 3.04.00' />
  <meta name='ocr-capabilities' content='ocr_page ocr_carea ocr_par ocr_line ocrx_word'/>
</head>
<body>
  <div class='ocr_page' id='page_1' title='image "./collectanearerum00soliuoft_0037.png"; bbox 0 0 1593 2409; ppageno 0'>
   <div class='ocr_carea' id='block_1_1' title="bbox 627 98 746 126">
    <p class='ocr_par' dir='ltr' id='par_1_1' title="bbox 627 98 746 126">
     <span class='ocr_line' id='line_1_1' title="bbox 627 98 746 126; baseline -0.017 0"><span class='ocrx_word' id='word_1_1' title='bbox 627 98 746 126; x_wconf 83' lang='lat' dir='ltr'>XXXIII</span> 
     </span>
    </p>
   </div>
   <div class='ocr_carea' id='block_1_2' title="bbox 27 176 1337 2229">
    <p class='ocr_par' dir='ltr' id='par_1_2' title="bbox 146 176 1322 328">
     <span class='ocr_line' id='line_1_2' title="bbox 189 176 1322 232; baseline -0.018 -7"><span class='ocrx_word' id='word_1_2' title='bbox 189 197 227 226; x_wconf 90' lang='lat'>10</span> <span class='ocrx_word' id='word_1_3' title='bbox 251 199 275 224; x_wconf 90' lang='lat' dir='ltr'>et</span> <span class='ocrx_word' id='word_1_4' title='bbox 300 191 495 232; x_wconf 75' lang='lat' dir='ltr'>Pampln&#39;littm</span> <span class='ocrx_word' id='word_1_5' title='bbox 520 212 550 219; x_wconf 94' lang='lat'>..</span> <span class='ocrx_word' id='word_1_6' title='bbox 569 212 575 218; x_wconf 92' lang='lat'><strong>.</strong></span> <span class='ocrx_word' id='word_1_7' title='bbox 602 189 670 222; x_wconf 82' lang='grc'>166,</span> <span class='ocrx_word' id='word_1_8' title='bbox 688 189 706 217; x_wconf 88' lang='lat'>5</span> <span class='ocrx_word' id='word_1_9' title='bbox 731 185 858 223; x_wconf 67' lang='lat' dir='ltr'>Phrygia</span> <span class='ocrx_word' id='word_1_10' title='bbox 885 183 928 212; x_wconf 85' lang='lat' dir='ltr'>ab.</span> <span class='ocrx_word' id='word_1_11' title='bbox 980 179 1172 220; x_wconf 79' lang='lat' dir='ltr'>praescriptio</span> <span class='ocrx_word' id='word_1_12' title='bbox 1197 182 1225 207; x_wconf 86' lang='lat' dir='ltr'>et</span> <span class='ocrx_word' id='word_1_13' title='bbox 1251 176 1322 207; x_wconf 86' lang='lat' dir='ltr'>sub-</span> 
     </span>
     <span class='ocr_line' id='line_1_3' title="bbox 187 231 1146 284; baseline -0.019 -8"><span class='ocrx_word' id='word_1_14' title='bbox 187 245 308 284; x_wconf 82' lang='lat' dir='ltr'>scriptio</span> <span class='ocrx_word' id='word_1_15' title='bbox 333 243 451 273; x_wconf 85' lang='lat' dir='ltr'>eaedem</span> <span class='ocrx_word' id='word_1_16' title='bbox 475 245 546 271; x_wconf 85' lang='lat' dir='ltr'>sunt</span> <span class='ocrx_word' id='word_1_17' title='bbox 569 245 656 278; x_wconf 88' lang='lat' dir='ltr'>atque</span> <span class='ocrx_word' id='word_1_18' title='bbox 680 239 709 267; x_wconf 89' lang='lat' dir='ltr'>in</span> <span class='ocrx_word' id='word_1_19' title='bbox 734 234 919 275; x_wconf 83' lang='lat' dir='ltr'>Sangallensi</span> <span class='ocrx_word' id='word_1_20' title='bbox 942 233 1018 270; x_wconf 81' lang='lat' dir='ltr'>(vide</span> <span class='ocrx_word' id='word_1_21' title='bbox 1042 241 1069 270; x_wconf 92' lang='lat' dir='ltr'>p.</span> <span class='ocrx_word' id='word_1_22' title='bbox 1089 231 1146 268; x_wconf 83' lang='lat' dir='ltr'>Ll).</span> 
     </span>
     <span class='ocr_line' id='line_1_4' title="bbox 146 294 391 328; baseline -0.024 1"><span class='ocrx_word' id='word_1_23' title='bbox 146 294 391 328; x_wconf 82' lang='lat' dir='ltr'>FLORENTIAE</span> 
     </span>
    </p>

    <p class='ocr_par' dir='ltr' id='par_1_3' title="bbox 63 330 1326 484">
     <span class='ocr_line' id='line_1_5' title="bbox 63 330 1326 384; baseline -0.019 -2"><span class='ocrx_word' id='word_1_24' title='bbox 63 353 100 382; x_wconf 87' lang='lat'>17</span> <span class='ocrx_word' id='word_1_25' title='bbox 125 348 342 379; x_wconf 87' lang='lat' dir='ltr'>Laurentianus</span> <span class='ocrx_word' id='word_1_26' title='bbox 365 346 438 384; x_wconf 89' lang='lat' dir='ltr'>plut.</span> <span class='ocrx_word' id='word_1_27' title='bbox 462 346 501 375; x_wconf 75' lang='lat'>29</span> <span class='ocrx_word' id='word_1_28' title='bbox 527 342 591 373; x_wconf 90' lang='lat' dir='ltr'>cod.</span> <span class='ocrx_word' id='word_1_29' title='bbox 616 343 655 373; x_wconf 79' lang='lat'>35</span> <span class='ocrx_word' id='word_1_30' title='bbox 679 349 754 370; x_wconf 78' lang='lat' dir='ltr'>saec.</span> <span class='ocrx_word' id='word_1_31' title='bbox 778 338 838 367; x_wconf 82' lang='lat' dir='ltr'>XV.</span> <span class='ocrx_word' id='word_1_32' title='bbox 882 334 1052 373; x_wconf 72' lang='lat' dir='ltr'>inscriptio:</span> <span class='ocrx_word' id='word_1_33' title='bbox 1081 332 1110 362; x_wconf 81' lang='lat' dir='ltr'>C.</span> <span class='ocrx_word' id='word_1_34' title='bbox 1135 331 1206 361; x_wconf 79' lang='lat' dir='ltr'>Iulii</span> <span class='ocrx_word' id='word_1_35' title='bbox 1231 330 1326 360; x_wconf 77' lang='lat' dir='ltr'>Solim·</span> 
     </span>
     <span class='ocr_line' id='line_1_6' title="bbox 191 385 1325 430; baseline -0.019 0"><span class='ocrx_word' id='word_1_36' title='bbox 191 401 223 430; x_wconf 71' lang='lat' dir='ltr'>&lt;Ie</span> <span class='ocrx_word' id='word_1_37' title='bbox 246 401 303 428; x_wconf 80' lang='lat' dir='ltr'>situ</span> <span class='ocrx_word' id='word_1_38' title='bbox 327 397 404 427; x_wconf 82' lang='lat' dir='ltr'>orbis</span> <span class='ocrx_word' id='word_1_39' title='bbox 427 401 572 425; x_wconf 78' lang='lat' dir='ltr'>terrarum</span> <span class='ocrx_word' id='word_1_40' title='bbox 595 398 620 422; x_wconf 88' lang='lat' dir='ltr'>et</span> <span class='ocrx_word' id='word_1_41' title='bbox 644 393 676 421; x_wconf 85' lang='lat' dir='ltr'>de</span> <span class='ocrx_word' id='word_1_42' title='bbox 698 389 819 428; x_wconf 65' lang='lat' dir='ltr'>singulis</span> <span class='ocrx_word' id='word_1_43' title='bbox 842 386 1023 418; x_wconf 80' lang='lat' dir='ltr'>mirabilibus</span> <span class='ocrx_word' id='word_1_44' title='bbox 1049 393 1120 423; x_wconf 77' lang='lat' dir='ltr'>quae</span> <span class='ocrx_word' id='word_1_45' title='bbox 1145 385 1176 412; x_wconf 83' lang='lat' dir='ltr'>in</span> <span class='ocrx_word' id='word_1_46' title='bbox 1203 391 1233 411; x_wconf 81' lang='lat' dir='ltr'>eo</span> <span class='ocrx_word' id='word_1_47' title='bbox 1257 390 1325 411; x_wconf 77' lang='lat' dir='ltr'>con-</span> 
     </span>
     <span class='ocr_line' id='line_1_7' title="bbox 191 447 550 484; baseline -0.022 -3"><span class='ocrx_word' id='word_1_48' title='bbox 191 454 322 481; x_wconf 79' lang='lat' dir='ltr'>tinentur</span> <span class='ocrx_word' id='word_1_49' title='bbox 346 448 417 478; x_wconf 77' lang='lat' dir='ltr'>tiber</span> <span class='ocrx_word' id='word_1_50' title='bbox 440 447 550 484; x_wconf 75' lang='lat' dir='ltr'>incipit.</span> 
     </span>
    </p>

    <p class='ocr_par' dir='ltr' id='par_1_4' title="bbox 68 484 1328 693">
     <span class='ocr_line' id='line_1_8' title="bbox 68 484 1328 538; baseline -0.018 -3"><span class='ocrx_word' id='word_1_51' title='bbox 68 504 105 535; x_wconf 84' lang='lat'>18</span> <span class='ocrx_word' id='word_1_52' title='bbox 128 502 346 533; x_wconf 71' lang='lat' dir='ltr'>Laurentianus</span> <span class='ocrx_word' id='word_1_53' title='bbox 369 499 442 538; x_wconf 88' lang='lat' dir='ltr'>plut.</span> <span class='ocrx_word' id='word_1_54' title='bbox 466 498 506 528; x_wconf 88' lang='grc'>66</span> <span class='ocrx_word' id='word_1_55' title='bbox 530 495 594 525; x_wconf 87' lang='lat' dir='ltr'>cod.</span> <span class='ocrx_word' id='word_1_56' title='bbox 623 496 659 525; x_wconf 84' lang='lat'>19</span> <span class='ocrx_word' id='word_1_57' title='bbox 684 501 759 522; x_wconf 89' lang='lat' dir='ltr'>saec.</span> <span class='ocrx_word' id='word_1_58' title='bbox 783 490 856 520; x_wconf 82' lang='lat' dir='ltr'>XIV.</span> <span class='ocrx_word' id='word_1_59' title='bbox 896 487 1068 526; x_wconf 76' lang='lat' dir='ltr'>inscriptio:</span> <span class='ocrx_word' id='word_1_60' title='bbox 1096 485 1126 515; x_wconf 85' lang='lat' dir='ltr'>C.</span> <span class='ocrx_word' id='word_1_61' title='bbox 1144 484 1217 514; x_wconf 77' lang='lat' dir='ltr'>Iulii</span> <span class='ocrx_word' id='word_1_62' title='bbox 1231 484 1328 513; x_wconf 69' lang='lat' dir='ltr'>Solimi</span> 
     </span>
     <span class='ocr_line' id='line_1_9' title="bbox 191 536 1325 591; baseline -0.018 -8"><span class='ocrx_word' id='word_1_63' title='bbox 191 556 250 583; x_wconf 81' lang='lat' dir='ltr'>sive</span> <span class='ocrx_word' id='word_1_64' title='bbox 265 551 448 591; x_wconf 76' lang='lat' dir='ltr'>yrammatici</span> <span class='ocrx_word' id='word_1_65' title='bbox 461 547 621 587; x_wconf 77' lang='lat' dir='ltr'><em>polyhistor</em></span> <span class='ocrx_word' id='word_1_66' title='bbox 638 545 672 574; x_wconf 87' lang='lat' dir='ltr'>ab</span> <span class='ocrx_word' id='word_1_67' title='bbox 690 546 751 583; x_wconf 78' lang='lat' dir='ltr'>ipso</span> <span class='ocrx_word' id='word_1_68' title='bbox 768 542 859 572; x_wconf 83' lang='lat' dir='ltr'>editus</span> <span class='ocrx_word' id='word_1_69' title='bbox 875 545 900 570; x_wconf 83' lang='lat' dir='ltr'>et</span> <span class='ocrx_word' id='word_1_70' title='bbox 915 541 1077 577; x_wconf 74' lang='lat' dir='ltr'>recoym&#39;tus</span> <span class='ocrx_word' id='word_1_71' title='bbox 1095 539 1230 576; x_wconf 84' lang='lat' dir='ltr'>(eatenus</span> <span class='ocrx_word' id='word_1_72' title='bbox 1255 536 1325 564; x_wconf 90' lang='lat' dir='ltr'>item</span> 
     </span>
     <span class='ocr_line' id='line_1_10' title="bbox 193 588 1325 642; baseline -0.017 -8"><span class='ocrx_word' id='word_1_73' title='bbox 193 602 383 642; x_wconf 74' lang='lat' dir='ltr'>subscriptio)</span> <span class='ocrx_word' id='word_1_74' title='bbox 414 601 446 630; x_wconf 83' lang='lat' dir='ltr'>de</span> <span class='ocrx_word' id='word_1_75' title='bbox 476 601 534 629; x_wconf 83' lang='lat' dir='ltr'>situ</span> <span class='ocrx_word' id='word_1_76' title='bbox 562 607 588 628; x_wconf 92' lang='lat' dir='ltr'>o.</span> <span class='ocrx_word' id='word_1_77' title='bbox 611 602 631 626; x_wconf 89' lang='lat' dir='ltr'>t.</span> <span class='ocrx_word' id='word_1_78' title='bbox 656 602 681 626; x_wconf 86' lang='lat' dir='ltr'>et</span> <span class='ocrx_word' id='word_1_79' title='bbox 705 596 737 625; x_wconf 82' lang='lat' dir='ltr'>de</span> <span class='ocrx_word' id='word_1_80' title='bbox 759 604 780 623; x_wconf 92' lang='lat' dir='ltr'>s.</span> <span class='ocrx_word' id='word_1_81' title='bbox 804 603 843 623; x_wconf 86' lang='lat' dir='ltr'>m.</span> <span class='ocrx_word' id='word_1_82' title='bbox 868 602 891 632; x_wconf 83' lang='lat' dir='ltr'>q.</span> <span class='ocrx_word' id='word_1_83' title='bbox 924 593 955 620; x_wconf 80' lang='lat' dir='ltr'>in</span> <span class='ocrx_word' id='word_1_84' title='bbox 985 600 1022 619; x_wconf 85' lang='lat' dir='ltr'>m.</span> <span class='ocrx_word' id='word_1_85' title='bbox 1052 588 1193 619; x_wconf 79' lang='lat' dir='ltr'>habentur</span> <span class='ocrx_word' id='word_1_86' title='bbox 1216 589 1325 626; x_wconf 78' lang='lat' dir='ltr'>incipit.</span> 
     </span>
     <span class='ocr_line' id='line_1_11' title="bbox 192 650 573 693; baseline -0.021 -8"><span class='ocrx_word' id='word_1_87' title='bbox 192 656 274 685; x_wconf 87' lang='lat' dir='ltr'>adest</span> <span class='ocrx_word' id='word_1_88' title='bbox 297 652 438 693; x_wconf 82' lang='lat' dir='ltr'>praefatio</span> <span class='ocrx_word' id='word_1_89' title='bbox 463 650 573 689; x_wconf 89' lang='lat' dir='ltr'>spuria.</span> 
     </span>
    </p>

    <p class='ocr_par' dir='ltr' id='par_1_5' title="bbox 27 690 1330 1054">
     <span class='ocr_line' id='line_1_12' title="bbox 27 690 1326 744; baseline -0.018 -2"><span class='ocrx_word' id='word_1_90' title='bbox 27 714 51 744; x_wconf 88' lang='lat' dir='ltr'><em>F</em></span> <span class='ocrx_word' id='word_1_91' title='bbox 67 712 104 742; x_wconf 88' lang='grc'>19</span> <span class='ocrx_word' id='word_1_92' title='bbox 142 706 361 739; x_wconf 79' lang='lat' dir='ltr'>Laurentianus</span> <span class='ocrx_word' id='word_1_93' title='bbox 381 704 411 733; x_wconf 88' lang='lat' dir='ltr'>S.</span> <span class='ocrx_word' id='word_1_94' title='bbox 429 701 531 732; x_wconf 86' lang='lat' dir='ltr'>Crucis</span> <span class='ocrx_word' id='word_1_95' title='bbox 553 699 626 739; x_wconf 89' lang='lat' dir='ltr'>plut.</span> <span class='ocrx_word' id='word_1_96' title='bbox 644 699 684 729; x_wconf 83' lang='lat'>20</span> <span class='ocrx_word' id='word_1_97' title='bbox 708 697 763 727; x_wconf 85' lang='lat' dir='ltr'>sin.</span> <span class='ocrx_word' id='word_1_98' title='bbox 781 695 846 725; x_wconf 88' lang='lat' dir='ltr'>cod.</span> <span class='ocrx_word' id='word_1_99' title='bbox 870 696 889 726; x_wconf 84' lang='lat'><strong>2</strong></span> <span class='ocrx_word' id='word_1_100' title='bbox 913 703 990 724; x_wconf 88' lang='lat' dir='ltr'>saec.</span> <span class='ocrx_word' id='word_1_101' title='bbox 1006 691 1122 728; x_wconf 76' lang='lat' dir='ltr'>XlleI.</span> <span class='ocrx_word' id='word_1_102' title='bbox 1172 690 1326 729; x_wconf 83' lang='lat' dir='ltr'>inscriptio</span> 
     </span>
     <span class='ocr_line' id='line_1_13' title="bbox 192 743 1328 795; baseline -0.017 -6"><span class='ocrx_word' id='word_1_103' title='bbox 192 765 221 789; x_wconf 88' lang='lat' dir='ltr'>et</span> <span class='ocrx_word' id='word_1_104' title='bbox 233 756 411 795; x_wconf 75' lang='lat' dir='ltr'>subscriptio</span> <span class='ocrx_word' id='word_1_105' title='bbox 425 753 544 784; x_wconf 87' lang='lat' dir='ltr'>eaedem</span> <span class='ocrx_word' id='word_1_106' title='bbox 553 750 679 789; x_wconf 83' lang='lat' dir='ltr'>atquein</span> <span class='ocrx_word' id='word_1_107' title='bbox 694 746 972 787; x_wconf 80' lang='lat' dir='ltr'>Sangallensi,(vide</span> <span class='ocrx_word' id='word_1_108' title='bbox 982 744 1078 784; x_wconf 64' lang='lat' dir='ltr'>pti).</span> <span class='ocrx_word' id='word_1_109' title='bbox 1102 743 1232 772; x_wconf 84' lang='lat' dir='ltr'>Partheii</span> <span class='ocrx_word' id='word_1_110' title='bbox 1246 743 1328 772; x_wconf 86' lang='lat' dir='ltr'>iussu</span> 
     </span>
     <span class='ocr_line' id='line_1_14' title="bbox 194 793 1328 840; baseline -0.017 0"><span class='ocrx_word' id='word_1_111' title='bbox 194 810 318 840; x_wconf 84' lang='lat' dir='ltr'>collatus</span> <span class='ocrx_word' id='word_1_112' title='bbox 341 813 384 837; x_wconf 86' lang='lat' dir='ltr'>est</span> <span class='ocrx_word' id='word_1_113' title='bbox 407 816 423 836; x_wconf 88' lang='grc'>3</span> <span class='ocrx_word' id='word_1_114' title='bbox 439 804 596 834; x_wconf 83' lang='lat' dir='ltr'>Theodoro</span> <span class='ocrx_word' id='word_1_115' title='bbox 614 801 723 831; x_wconf 87' lang='lat' dir='ltr'>Heisio.</span> <span class='ocrx_word' id='word_1_116' title='bbox 761 804 880 839; x_wconf 86' lang='lat' dir='ltr'>praeter</span> <span class='ocrx_word' id='word_1_117' title='bbox 903 797 1053 836; x_wconf 81' lang='lat' dir='ltr'>specimen</span> <span class='ocrx_word' id='word_1_118' title='bbox 1078 794 1185 824; x_wconf 90' lang='lat' dir='ltr'>librum</span> <span class='ocrx_word' id='word_1_119' title='bbox 1209 793 1328 823; x_wconf 81' lang='lat' dir='ltr'>adhibui</span> 
     </span>
     <span class='ocr_line' id='line_1_15' title="bbox 193 844 1328 900; baseline -0.017 -9"><span class='ocrx_word' id='word_1_120' title='bbox 193 861 228 891; x_wconf 85' lang='lat' dir='ltr'>ad</span> <span class='ocrx_word' id='word_1_121' title='bbox 258 859 421 900; x_wconf 85' lang='lat' dir='ltr'>explendos</span> <span class='ocrx_word' id='word_1_122' title='bbox 450 857 546 886; x_wconf 79' lang='lat' dir='ltr'>hiatus</span> <span class='ocrx_word' id='word_1_123' title='bbox 576 854 651 884; x_wconf 87' lang='lat' dir='ltr'>duos</span> <span class='ocrx_word' id='word_1_124' title='bbox 681 852 747 882; x_wconf 89' lang='lat' dir='ltr'>libri</span> <span class='ocrx_word' id='word_1_125' title='bbox 778 850 912 890; x_wconf 81' lang='lat' dir='ltr'>proxime</span> <span class='ocrx_word' id='word_1_126' title='bbox 942 848 1039 878; x_wconf 80' lang='lat' dir='ltr'>affinis</span> <span class='ocrx_word' id='word_1_127' title='bbox 1063 844 1328 885; x_wconf 81' lang='lat' dir='ltr'>Angelomontani;</span> 
     </span>
     <span class='ocr_line' id='line_1_16' title="bbox 194 896 1328 943; baseline -0.017 -1"><span class='ocrx_word' id='word_1_128' title='bbox 194 912 244 943; x_wconf 84' lang='lat' dir='ltr'>sed</span> <span class='ocrx_word' id='word_1_129' title='bbox 274 912 332 941; x_wconf 89' lang='lat' dir='ltr'>boc</span> <span class='ocrx_word' id='word_1_130' title='bbox 355 909 447 939; x_wconf 87' lang='lat' dir='ltr'>multo</span> <span class='ocrx_word' id='word_1_131' title='bbox 472 907 600 936; x_wconf 81' lang='lat' dir='ltr'>deterior</span> <span class='ocrx_word' id='word_1_132' title='bbox 624 909 668 934; x_wconf 86' lang='lat' dir='ltr'>est</span> <span class='ocrx_word' id='word_1_133' title='bbox 691 908 720 933; x_wconf 87' lang='lat' dir='ltr'>et</span> <span class='ocrx_word' id='word_1_134' title='bbox 742 907 900 942; x_wconf 83' lang='lat' dir='ltr'>propterea</span> <span class='ocrx_word' id='word_1_135' title='bbox 922 899 972 929; x_wconf 89' lang='lat' dir='ltr'>ubi</span> <span class='ocrx_word' id='word_1_136' title='bbox 996 899 1076 928; x_wconf 90' lang='lat' dir='ltr'>illum</span> <span class='ocrx_word' id='word_1_137' title='bbox 1094 896 1238 926; x_wconf 85' lang='lat' dir='ltr'>habemus</span> <span class='ocrx_word' id='word_1_138' title='bbox 1261 896 1328 925; x_wconf 88' lang='lat' dir='ltr'>inn-</span> 
     </span>
     <span class='ocr_line' id='line_1_17' title="bbox 193 947 1330 995; baseline -0.017 -1"><span class='ocrx_word' id='word_1_139' title='bbox 193 965 260 994; x_wconf 85' lang='lat' dir='ltr'>tilis.</span> <span class='ocrx_word' id='word_1_140' title='bbox 309 960 438 992; x_wconf 86' lang='lat' dir='ltr'>secunda</span> <span class='ocrx_word' id='word_1_141' title='bbox 462 968 582 993; x_wconf 72' lang='lat' dir='ltr'>manus,</span> <span class='ocrx_word' id='word_1_142' title='bbox 606 965 692 995; x_wconf 85' lang='lat' dir='ltr'>quam</span> <span class='ocrx_word' id='word_1_143' title='bbox 717 953 829 993; x_wconf 85' lang='lat' dir='ltr'>sprevi,</span> <span class='ocrx_word' id='word_1_144' title='bbox 860 952 968 980; x_wconf 89' lang='lat' dir='ltr'>variam</span> <span class='ocrx_word' id='word_1_145' title='bbox 992 950 1150 979; x_wconf 81' lang='lat' dir='ltr'>lectionem</span> <span class='ocrx_word' id='word_1_146' title='bbox 1174 947 1330 986; x_wconf 76' lang='lat' dir='ltr'>adscripsit</span> 
     </span>
     <span class='ocr_line' id='line_1_18' title="bbox 193 1004 828 1054; baseline -0.02 -8"><span class='ocrx_word' id='word_1_147' title='bbox 193 1019 341 1054; x_wconf 81' lang='lat' dir='ltr'>sumptam</span> <span class='ocrx_word' id='word_1_148' title='bbox 365 1021 400 1041; x_wconf 84' lang='lat' dir='ltr'>ex</span> <span class='ocrx_word' id='word_1_149' title='bbox 423 1010 524 1040; x_wconf 84' lang='lat' dir='ltr'>codice</span> <span class='ocrx_word' id='word_1_150' title='bbox 547 1007 647 1037; x_wconf 73' lang='lat' dir='ltr'>classis</span> <span class='ocrx_word' id='word_1_151' title='bbox 670 1004 828 1035; x_wconf 85' lang='lat' dir='ltr'>secundae.</span> 
     </span>
    </p>

    <p class='ocr_par' dir='ltr' id='par_1_6' title="bbox 67 1049 1330 1199">
     <span class='ocr_line' id='line_1_19' title="bbox 67 1049 1329 1100; baseline -0.018 0"><span class='ocrx_word' id='word_1_152' title='bbox 67 1071 107 1100; x_wconf 83' lang='lat'>20</span> <span class='ocrx_word' id='word_1_153' title='bbox 138 1066 355 1098; x_wconf 81' lang='lat' dir='ltr'>Laurentianus</span> <span class='ocrx_word' id='word_1_154' title='bbox 378 1072 458 1092; x_wconf 83' lang='lat' dir='ltr'>conv.</span> <span class='ocrx_word' id='word_1_155' title='bbox 479 1069 573 1099; x_wconf 79' lang='lat' dir='ltr'>soppr.</span> <span class='ocrx_word' id='word_1_156' title='bbox 592 1068 621 1087; x_wconf 93' lang='lat' dir='ltr'>n.</span> <span class='ocrx_word' id='word_1_157' title='bbox 640 1059 679 1088; x_wconf 83' lang='lat'>56</span> <span class='ocrx_word' id='word_1_158' title='bbox 696 1066 771 1087; x_wconf 85' lang='lat' dir='ltr'>saec.</span> <span class='ocrx_word' id='word_1_159' title='bbox 787 1055 848 1091; x_wconf 80' lang='lat' dir='ltr'>XV,</span> <span class='ocrx_word' id='word_1_160' title='bbox 871 1058 956 1083; x_wconf 83' lang='lat' dir='ltr'>antea</span> <span class='ocrx_word' id='word_1_161' title='bbox 980 1051 1113 1081; x_wconf 79' lang='lat' dir='ltr'>abbatiae</span> <span class='ocrx_word' id='word_1_162' title='bbox 1131 1049 1329 1079; x_wconf 82' lang='lat' dir='ltr'>Florentinae.</span> 
     </span>
     <span class='ocr_line' id='line_1_20' title="bbox 197 1100 1330 1158; baseline -0.018 -10"><span class='ocrx_word' id='word_1_163' title='bbox 197 1117 339 1158; x_wconf 75' lang='lat' dir='ltr'>praefatio</span> <span class='ocrx_word' id='word_1_164' title='bbox 356 1114 455 1153; x_wconf 88' lang='lat' dir='ltr'>spuria</span> <span class='ocrx_word' id='word_1_165' title='bbox 473 1112 554 1141; x_wconf 80' lang='lat' dir='ltr'>adest</span> <span class='ocrx_word' id='word_1_166' title='bbox 578 1110 684 1139; x_wconf 88' lang='lat' dir='ltr'>omissa</span> <span class='ocrx_word' id='word_1_167' title='bbox 708 1117 784 1137; x_wconf 77' lang='lat' dir='ltr'>vera.</span> <span class='ocrx_word' id='word_1_168' title='bbox 815 1110 895 1135; x_wconf 87' lang='lat' dir='ltr'>caret</span> <span class='ocrx_word' id='word_1_169' title='bbox 919 1103 1115 1141; x_wconf 82' lang='lat' dir='ltr'>inscriptione</span> <span class='ocrx_word' id='word_1_170' title='bbox 1134 1106 1160 1131; x_wconf 91' lang='lat' dir='ltr'>et</span> <span class='ocrx_word' id='word_1_171' title='bbox 1179 1100 1330 1139; x_wconf 85' lang='lat' dir='ltr'>subscrip-</span> 
     </span>
     <span class='ocr_line' id='line_1_21' title="bbox 197 1155 1114 1199; baseline -0.019 0"><span class='ocrx_word' id='word_1_172' title='bbox 197 1170 288 1199; x_wconf 83' lang='lat' dir='ltr'>tione.</span> <span class='ocrx_word' id='word_1_173' title='bbox 334 1165 476 1196; x_wconf 85' lang='lat' dir='ltr'>deticiunt</span> <span class='ocrx_word' id='word_1_174' title='bbox 499 1162 566 1192; x_wconf 86' lang='lat' dir='ltr'>folia</span> <span class='ocrx_word' id='word_1_175' title='bbox 591 1163 607 1192; x_wconf 95' lang='lat'><strong>7</strong></span> <span class='ocrx_word' id='word_1_176' title='bbox 633 1165 663 1190; x_wconf 85' lang='lat' dir='ltr'>et</span> <span class='ocrx_word' id='word_1_177' title='bbox 687 1161 704 1190; x_wconf 83' lang='lat'>8</span> <span class='ocrx_word' id='word_1_178' title='bbox 728 1164 757 1188; x_wconf 86' lang='lat' dir='ltr'>et</span> <span class='ocrx_word' id='word_1_179' title='bbox 780 1158 809 1187; x_wconf 90' lang='lat' dir='ltr'>in</span> <span class='ocrx_word' id='word_1_180' title='bbox 835 1158 879 1186; x_wconf 88' lang='lat' dir='ltr'>his</span> <span class='ocrx_word' id='word_1_181' title='bbox 903 1157 987 1185; x_wconf 89' lang='lat' dir='ltr'>locus</span> <span class='ocrx_word' id='word_1_182' title='bbox 1014 1157 1039 1190; x_wconf 78' lang='lat'>1,</span> <span class='ocrx_word' id='word_1_183' title='bbox 1064 1155 1114 1184; x_wconf 86' lang='grc'>91.</span> 
     </span>
    </p>

    <p class='ocr_par' dir='ltr' id='par_1_7' title="bbox 69 1203 1335 1612">
     <span class='ocr_line' id='line_1_22' title="bbox 69 1203 1331 1254; baseline -0.018 0"><span class='ocrx_word' id='word_1_184' title='bbox 69 1224 107 1254; x_wconf 81' lang='lat'>21</span> <span class='ocrx_word' id='word_1_185' title='bbox 140 1220 358 1252; x_wconf 86' lang='lat' dir='ltr'>Laurentianus</span> <span class='ocrx_word' id='word_1_186' title='bbox 375 1226 454 1247; x_wconf 82' lang='lat' dir='ltr'>conv.</span> <span class='ocrx_word' id='word_1_187' title='bbox 471 1223 565 1253; x_wconf 78' lang='lat' dir='ltr'>soppr.</span> <span class='ocrx_word' id='word_1_188' title='bbox 584 1223 612 1242; x_wconf 93' lang='lat' dir='ltr'>n.</span> <span class='ocrx_word' id='word_1_189' title='bbox 632 1212 691 1243; x_wconf 78' lang='lat'>359</span> <span class='ocrx_word' id='word_1_190' title='bbox 709 1220 784 1240; x_wconf 69' lang='lat' dir='ltr'>saec.</span> <span class='ocrx_word' id='word_1_191' title='bbox 810 1209 868 1244; x_wconf 80' lang='lat' dir='ltr'>XV,</span> <span class='ocrx_word' id='word_1_192' title='bbox 892 1212 977 1236; x_wconf 85' lang='lat' dir='ltr'>antea</span> <span class='ocrx_word' id='word_1_193' title='bbox 998 1210 1161 1235; x_wconf 89' lang='lat' dir='ltr'>conventus</span> <span class='ocrx_word' id='word_1_194' title='bbox 1179 1204 1207 1232; x_wconf 82' lang='lat' dir='ltr'>S.</span> <span class='ocrx_word' id='word_1_195' title='bbox 1225 1203 1331 1232; x_wconf 84' lang='lat' dir='ltr'>Mariae</span> 
     </span>
     <span class='ocr_line' id='line_1_23' title="bbox 200 1254 1335 1304; baseline -0.017 -3"><span class='ocrx_word' id='word_1_196' title='bbox 200 1271 339 1301; x_wconf 74' lang='lat' dir='ltr'>novettae.</span> <span class='ocrx_word' id='word_1_197' title='bbox 387 1266 541 1304; x_wconf 79' lang='lat' dir='ltr'>inscriptio</span> <span class='ocrx_word' id='word_1_198' title='bbox 576 1268 643 1293; x_wconf 85' lang='lat' dir='ltr'>ante</span> <span class='ocrx_word' id='word_1_199' title='bbox 678 1261 851 1291; x_wconf 77' lang='lat' dir='ltr'>laterculum</span> <span class='ocrx_word' id='word_1_200' title='bbox 886 1258 1032 1297; x_wconf 83' lang='lat' dir='ltr'>capitum:</span> <span class='ocrx_word' id='word_1_201' title='bbox 1071 1256 1100 1286; x_wconf 87' lang='lat' dir='ltr'>C.</span> <span class='ocrx_word' id='word_1_202' title='bbox 1135 1255 1206 1285; x_wconf 79' lang='lat' dir='ltr'>Iulii</span> <span class='ocrx_word' id='word_1_203' title='bbox 1240 1254 1335 1284; x_wconf 79' lang='lat' dir='ltr'>Solini</span> 
     </span>
     <span class='ocr_line' id='line_1_24' title="bbox 199 1304 1331 1362; baseline -0.017 -9"><span class='ocrx_word' id='word_1_204' title='bbox 199 1321 382 1362; x_wconf 66' lang='lat' dir='ltr'>grammatici</span> <span class='ocrx_word' id='word_1_205' title='bbox 402 1317 554 1358; x_wconf 79' lang='lat' dir='ltr'>polihistor</span> <span class='ocrx_word' id='word_1_206' title='bbox 576 1315 611 1345; x_wconf 81' lang='lat' dir='ltr'>ab</span> <span class='ocrx_word' id='word_1_207' title='bbox 636 1316 695 1353; x_wconf 78' lang='lat' dir='ltr'>ipso</span> <span class='ocrx_word' id='word_1_208' title='bbox 719 1314 810 1342; x_wconf 78' lang='lat' dir='ltr'>editus</span> <span class='ocrx_word' id='word_1_209' title='bbox 831 1317 855 1341; x_wconf 86' lang='lat' dir='ltr'>et</span> <span class='ocrx_word' id='word_1_210' title='bbox 872 1310 928 1348; x_wconf 74' lang='lat' dir='ltr'>rey’</span> <span class='ocrx_word' id='word_1_211' title='bbox 946 1310 1108 1347; x_wconf 62' lang='lat' dir='ltr'>recognitus</span> <span class='ocrx_word' id='word_1_212' title='bbox 1132 1304 1195 1348; x_wconf 85' lang='lat' dir='ltr'>[sic]</span> <span class='ocrx_word' id='word_1_213' title='bbox 1220 1307 1252 1336; x_wconf 66' lang='lat' dir='ltr'>{Ie</span> <span class='ocrx_word' id='word_1_214' title='bbox 1275 1308 1331 1336; x_wconf 78' lang='lat' dir='ltr'>sitit</span> 
     </span>
     <span class='ocr_line' id='line_1_25' title="bbox 197 1358 1331 1408; baseline -0.017 -4"><span class='ocrx_word' id='word_1_215' title='bbox 197 1384 223 1404; x_wconf 90' lang='grc' dir='ltr'>ο.</span> <span class='ocrx_word' id='word_1_216' title='bbox 247 1380 266 1403; x_wconf 83' lang='lat' dir='ltr'>t.</span> <span class='ocrx_word' id='word_1_217' title='bbox 291 1378 315 1402; x_wconf 90' lang='lat' dir='ltr'>et</span> <span class='ocrx_word' id='word_1_218' title='bbox 339 1372 371 1401; x_wconf 83' lang='lat' dir='ltr'>tle</span> <span class='ocrx_word' id='word_1_219' title='bbox 394 1380 415 1399; x_wconf 79' lang='lat'>8.</span> <span class='ocrx_word' id='word_1_220' title='bbox 439 1379 478 1398; x_wconf 82' lang='lat' dir='ltr'>m.</span> <span class='ocrx_word' id='word_1_221' title='bbox 503 1379 527 1408; x_wconf 82' lang='lat' dir='ltr'>q.</span> <span class='ocrx_word' id='word_1_222' title='bbox 551 1369 583 1397; x_wconf 78' lang='lat' dir='ltr'>in</span> <span class='ocrx_word' id='word_1_223' title='bbox 607 1376 645 1396; x_wconf 83' lang='lat' dir='ltr'>m.</span> <span class='ocrx_word' id='word_1_224' title='bbox 675 1364 833 1398; x_wconf 78' lang='lat' dir='ltr'>habentur‚·</span> <span class='ocrx_word' id='word_1_225' title='bbox 863 1366 932 1391; x_wconf 87' lang='lat' dir='ltr'>ante</span> <span class='ocrx_word' id='word_1_226' title='bbox 964 1359 1177 1399; x_wconf 69' lang='lat' dir='ltr'>praefationem</span> <span class='ocrx_word' id='word_1_227' title='bbox 1202 1358 1331 1396; x_wconf 77' lang='lat' dir='ltr'>priorem</span> 
     </span>
     <span class='ocr_line' id='line_1_26' title="bbox 200 1409 1332 1462; baseline -0.016 -7"><span class='ocrx_word' id='word_1_228' title='bbox 200 1426 329 1462; x_wconf 85' lang='lat' dir='ltr'>itemque</span> <span class='ocrx_word' id='word_1_229' title='bbox 352 1420 548 1459; x_wconf 79' lang='lat' dir='ltr'>subscriptio:</span> <span class='ocrx_word' id='word_1_230' title='bbox 577 1418 607 1448; x_wconf 84' lang='lat' dir='ltr'>G.</span> <span class='ocrx_word' id='word_1_231' title='bbox 624 1417 695 1447; x_wconf 76' lang='lat' dir='ltr'>Iulii</span> <span class='ocrx_word' id='word_1_232' title='bbox 717 1415 813 1444; x_wconf 71' lang='lat' dir='ltr'>Solimi</span> <span class='ocrx_word' id='word_1_233' title='bbox 835 1413 1015 1443; x_wconf 80' lang='lat' dir='ltr'>collectarum</span> <span class='ocrx_word' id='word_1_234' title='bbox 1038 1420 1137 1440; x_wconf 82' lang='lat' dir='ltr'>rernm</span> <span class='ocrx_word' id='word_1_235' title='bbox 1160 1409 1332 1439; x_wconf 81' lang='lat' dir='ltr'>memorabi-</span> 
     </span>
     <span class='ocr_line' id='line_1_27' title="bbox 199 1460 1332 1514; baseline -0.017 -8"><span class='ocrx_word' id='word_1_236' title='bbox 199 1476 270 1506; x_wconf 84' lang='lat' dir='ltr'>lium</span> <span class='ocrx_word' id='word_1_237' title='bbox 295 1474 500 1514; x_wconf 79' lang='lat' dir='ltr'>(plurimarum</span> <span class='ocrx_word' id='word_1_238' title='bbox 516 1469 595 1499; x_wconf 87' lang='lat' dir='ltr'>addit</span> <span class='ocrx_word' id='word_1_239' title='bbox 611 1468 737 1504; x_wconf 82' lang='lat' dir='ltr'>subscr.)</span> <span class='ocrx_word' id='word_1_240' title='bbox 754 1466 885 1504; x_wconf 79' lang='lat' dir='ltr'>feliciter.</span> <span class='ocrx_word' id='word_1_241' title='bbox 920 1463 1062 1502; x_wconf 84' lang='lat' dir='ltr'>praefatio</span> <span class='ocrx_word' id='word_1_242' title='bbox 1086 1461 1175 1490; x_wconf 83' lang='lat' dir='ltr'>altera</span> <span class='ocrx_word' id='word_1_243' title='bbox 1199 1461 1280 1489; x_wconf 75' lang='lat' dir='ltr'>adest</span> <span class='ocrx_word' id='word_1_244' title='bbox 1303 1460 1332 1488; x_wconf 92' lang='lat' dir='ltr'>in</span> 
     </span>
     <span class='ocr_line' id='line_1_28' title="bbox 200 1509 1333 1556; baseline -0.015 0"><span class='ocrx_word' id='word_1_245' title='bbox 200 1528 259 1556; x_wconf 86' lang='lat' dir='ltr'>fine</span> <span class='ocrx_word' id='word_1_246' title='bbox 283 1526 393 1555; x_wconf 83' lang='lat' dir='ltr'>adiecta</span> <span class='ocrx_word' id='word_1_247' title='bbox 418 1528 486 1552; x_wconf 89' lang='lat' dir='ltr'>nota</span> <span class='ocrx_word' id='word_1_248' title='bbox 502 1522 570 1551; x_wconf 87' lang='lat' dir='ltr'>hac:</span> <span class='ocrx_word' id='word_1_249' title='bbox 594 1520 642 1550; x_wconf 81' lang='lat' dir='ltr'>hec</span> <span class='ocrx_word' id='word_1_250' title='bbox 658 1524 695 1549; x_wconf 87' lang='lat' dir='ltr'>est</span> <span class='ocrx_word' id='word_1_251' title='bbox 711 1517 833 1547; x_wconf 74' lang='lat' dir='ltr'>secunda</span> <span class='ocrx_word' id='word_1_252' title='bbox 849 1515 978 1554; x_wconf 74' lang='lat' dir='ltr'>epistula,</span> <span class='ocrx_word' id='word_1_253' title='bbox 1003 1523 1087 1553; x_wconf 79' lang='lat' dir='ltr'>quam</span> <span class='ocrx_word' id='word_1_254' title='bbox 1104 1512 1221 1542; x_wconf 68' lang='lat' dir='ltr'>Solinus</span> <span class='ocrx_word' id='word_1_255' title='bbox 1235 1509 1333 1541; x_wconf 62' lang='lat' dir='ltr'>{scribit</span> 
     </span>
     <span class='ocr_line' id='line_1_29' title="bbox 202 1565 1013 1612; baseline -0.018 -4"><span class='ocrx_word' id='word_1_256' title='bbox 202 1578 325 1608; x_wconf 78' lang='lat' dir='ltr'>Adventu</span> <span class='ocrx_word' id='word_1_257' title='bbox 350 1581 374 1605; x_wconf 85' lang='lat' dir='ltr'>et</span> <span class='ocrx_word' id='word_1_258' title='bbox 398 1574 490 1604; x_wconf 81' lang='lat' dir='ltr'>debuit</span> <span class='ocrx_word' id='word_1_259' title='bbox 513 1573 583 1612; x_wconf 80' lang='lat' dir='ltr'>poni</span> <span class='ocrx_word' id='word_1_260' title='bbox 605 1579 693 1609; x_wconf 82' lang='lat' dir='ltr'>supra</span> <span class='ocrx_word' id='word_1_261' title='bbox 716 1571 747 1598; x_wconf 77' lang='lat' dir='ltr'>in</span> <span class='ocrx_word' id='word_1_262' title='bbox 768 1568 912 1607; x_wconf 77' lang='lat' dir='ltr'>principio</span> <span class='ocrx_word' id='word_1_263' title='bbox 937 1565 1013 1594; x_wconf 85' lang='lat' dir='ltr'>libri.</span> 
     </span>
    </p>

    <p class='ocr_par' dir='ltr' id='par_1_8' title="bbox 73 1612 1335 1711">
     <span class='ocr_line' id='line_1_30' title="bbox 73 1612 1335 1664; baseline -0.017 -2"><span class='ocrx_word' id='word_1_264' title='bbox 73 1633 114 1664; x_wconf 82' lang='lat'>22</span> <span class='ocrx_word' id='word_1_265' title='bbox 152 1628 369 1660; x_wconf 84' lang='lat' dir='ltr'>Laurentianus</span> <span class='ocrx_word' id='word_1_266' title='bbox 391 1626 420 1655; x_wconf 87' lang='lat' dir='ltr'>S.</span> <span class='ocrx_word' id='word_1_267' title='bbox 438 1624 526 1654; x_wconf 82' lang='lat' dir='ltr'>Marci</span> <span class='ocrx_word' id='word_1_268' title='bbox 551 1634 579 1652; x_wconf 91' lang='lat' dir='ltr'>n.</span> <span class='ocrx_word' id='word_1_269' title='bbox 600 1623 661 1653; x_wconf 83' lang='grc'>209</span> <span class='ocrx_word' id='word_1_270' title='bbox 686 1629 761 1650; x_wconf 80' lang='lat' dir='ltr'>sace.</span> <span class='ocrx_word' id='word_1_271' title='bbox 778 1618 826 1648; x_wconf 86' lang='lat' dir='ltr'>XI.</span> <span class='ocrx_word' id='word_1_272' title='bbox 852 1616 1020 1654; x_wconf 87' lang='lat' dir='ltr'>inscriptio:</span> <span class='ocrx_word' id='word_1_273' title='bbox 1046 1616 1145 1654; x_wconf 77' lang='lat' dir='ltr'>incipit</span> <span class='ocrx_word' id='word_1_274' title='bbox 1169 1613 1240 1643; x_wconf 81' lang='lat' dir='ltr'>liber</span> <span class='ocrx_word' id='word_1_275' title='bbox 1263 1612 1335 1642; x_wconf 79' lang='lat' dir='ltr'>Iulii</span> 
     </span>
     <span class='ocr_line' id='line_1_31' title="bbox 202 1664 1332 1711; baseline -0.016 -1"><span class='ocrx_word' id='word_1_276' title='bbox 202 1680 299 1710; x_wconf 81' lang='lat' dir='ltr'>Solinz&#39;</span> <span class='ocrx_word' id='word_1_277' title='bbox 314 1679 345 1708; x_wconf 79' lang='lat' dir='ltr'>(le</span> <span class='ocrx_word' id='word_1_278' title='bbox 360 1688 382 1707; x_wconf 90' lang='lat' dir='ltr'>s.</span> <span class='ocrx_word' id='word_1_279' title='bbox 400 1687 425 1707; x_wconf 88' lang='lat'>0.</span> <span class='ocrx_word' id='word_1_280' title='bbox 442 1682 462 1706; x_wconf 79' lang='lat' dir='ltr'>t.</span> <span class='ocrx_word' id='word_1_281' title='bbox 479 1681 503 1704; x_wconf 79' lang='lat' dir='ltr'>et</span> <span class='ocrx_word' id='word_1_282' title='bbox 521 1675 552 1704; x_wconf 84' lang='lat' dir='ltr'>de</span> <span class='ocrx_word' id='word_1_283' title='bbox 567 1684 588 1703; x_wconf 89' lang='lat' dir='ltr'>s.</span> <span class='ocrx_word' id='word_1_284' title='bbox 606 1683 644 1702; x_wconf 86' lang='lat' dir='ltr'>m.</span> <span class='ocrx_word' id='word_1_285' title='bbox 662 1683 686 1711; x_wconf 82' lang='lat' dir='ltr'>q.</span> <span class='ocrx_word' id='word_1_286' title='bbox 705 1674 735 1700; x_wconf 81' lang='lat' dir='ltr'>in</span> <span class='ocrx_word' id='word_1_287' title='bbox 750 1681 787 1699; x_wconf 85' lang='lat' dir='ltr'>m.</span> <span class='ocrx_word' id='word_1_288' title='bbox 813 1669 962 1699; x_wconf 78' lang='lat' dir='ltr'>habentur.</span> <span class='ocrx_word' id='word_1_289' title='bbox 1003 1666 1117 1696; x_wconf 84' lang='lat' dir='ltr'>ordinis</span> <span class='ocrx_word' id='word_1_290' title='bbox 1134 1670 1178 1694; x_wconf 84' lang='lat' dir='ltr'>cst</span> <span class='ocrx_word' id='word_1_291' title='bbox 1200 1664 1332 1696; x_wconf 77' lang='lat' dir='ltr'>secundi,</span> 
     </span>
    </p>

    <p class='ocr_par' dir='ltr' id='par_1_9' title="bbox 74 1715 1335 1965">
     <span class='ocr_line' id='line_1_32' title="bbox 74 1715 1335 1765; baseline -0.017 0"><span class='ocrx_word' id='word_1_292' title='bbox 74 1735 115 1765; x_wconf 82' lang='lat'>23</span> <span class='ocrx_word' id='word_1_293' title='bbox 155 1731 371 1762; x_wconf 82' lang='lat' dir='ltr'>Laurentianus</span> <span class='ocrx_word' id='word_1_294' title='bbox 386 1725 683 1758; x_wconf 80' lang='lat' dir='ltr'>Ashburnhamianns</span> <span class='ocrx_word' id='word_1_295' title='bbox 698 1733 726 1752; x_wconf 94' lang='lat' dir='ltr'>n.</span> <span class='ocrx_word' id='word_1_296' title='bbox 743 1722 822 1753; x_wconf 83' lang='lat'>1030</span> <span class='ocrx_word' id='word_1_297' title='bbox 842 1724 893 1756; x_wconf 63' lang='grc' dir='ltr'>(Ξ</span> <span class='ocrx_word' id='word_1_298' title='bbox 913 1721 930 1750; x_wconf 89' lang='grc'><strong>5</strong></span> <span class='ocrx_word' id='word_1_299' title='bbox 945 1733 987 1744; x_wconf 88' lang='lat'>=</span> <span class='ocrx_word' id='word_1_300' title='bbox 1003 1719 1077 1753; x_wconf 80' lang='grc'>961)</span> <span class='ocrx_word' id='word_1_301' title='bbox 1097 1726 1173 1747; x_wconf 81' lang='lat' dir='ltr'>saec.</span> <span class='ocrx_word' id='word_1_302' title='bbox 1190 1715 1245 1751; x_wconf 79' lang='lat' dir='ltr'>XI3</span> <span class='ocrx_word' id='word_1_303' title='bbox 1270 1716 1335 1744; x_wconf 85' lang='lat' dir='ltr'>sinit</span> 
     </span>
     <span class='ocr_line' id='line_1_33' title="bbox 205 1768 1334 1814; baseline -0.017 -1"><span class='ocrx_word' id='word_1_304' title='bbox 205 1785 223 1813; x_wconf 77' lang='lat' dir='ltr'>f.</span> <span class='ocrx_word' id='word_1_305' title='bbox 243 1782 296 1814; x_wconf 75' lang='lat'>40¹</span> <span class='ocrx_word' id='word_1_306' title='bbox 309 1796 349 1805; x_wconf 87' lang='lat'><strong><em>=</em></strong></span> <span class='ocrx_word' id='word_1_307' title='bbox 366 1782 435 1814; x_wconf 75' lang='lat'>161,</span> <span class='ocrx_word' id='word_1_308' title='bbox 458 1779 494 1809; x_wconf 81' lang='lat'>14</span> <span class='ocrx_word' id='word_1_309' title='bbox 515 1777 635 1807; x_wconf 77' lang='lat' dir='ltr'>Perseus</span> <span class='ocrx_word' id='word_1_310' title='bbox 652 1776 772 1805; x_wconf 79' lang='lat' dir='ltr'>donauit</span> <span class='ocrx_word' id='word_1_311' title='bbox 789 1770 865 1814; x_wconf 71' lang='lat' dir='ltr'>[sicj.</span> <span class='ocrx_word' id='word_1_312' title='bbox 900 1770 1065 1809; x_wconf 77' lang='lat' dir='ltr'>descriptus</span> <span class='ocrx_word' id='word_1_313' title='bbox 1082 1768 1198 1798; x_wconf 81' lang='lat' dir='ltr'>videtur</span> <span class='ocrx_word' id='word_1_314' title='bbox 1220 1776 1284 1796; x_wconf 83' lang='lat' dir='ltr'>esse</span> <span class='ocrx_word' id='word_1_315' title='bbox 1302 1776 1334 1795; x_wconf 70' lang='lat' dir='ltr'>ex</span> 
     </span>
     <span class='ocr_line' id='line_1_34' title="bbox 204 1819 1334 1869; baseline -0.017 -5"><span class='ocrx_word' id='word_1_316' title='bbox 204 1845 232 1863; x_wconf 93' lang='lat' dir='ltr'>n.</span> <span class='ocrx_word' id='word_1_317' title='bbox 258 1834 314 1869; x_wconf 84' lang='lat'>22;</span> <span class='ocrx_word' id='word_1_318' title='bbox 345 1830 498 1869; x_wconf 86' lang='lat' dir='ltr'>inscriptio</span> <span class='ocrx_word' id='word_1_319' title='bbox 531 1828 641 1857; x_wconf 79' lang='lat' dir='ltr'>eadem.</span> <span class='ocrx_word' id='word_1_320' title='bbox 692 1827 720 1855; x_wconf 92' lang='lat' dir='ltr'>in</span> <span class='ocrx_word' id='word_1_321' title='bbox 753 1826 810 1854; x_wconf 84' lang='lat' dir='ltr'>tine</span> <span class='ocrx_word' id='word_1_322' title='bbox 841 1833 916 1862; x_wconf 82' lang='lat' dir='ltr'>quae</span> <span class='ocrx_word' id='word_1_323' title='bbox 941 1823 1063 1855; x_wconf 76' lang='lat' dir='ltr'>desunt,</span> <span class='ocrx_word' id='word_1_324' title='bbox 1093 1819 1203 1849; x_wconf 85' lang='lat' dir='ltr'>adiecta</span> <span class='ocrx_word' id='word_1_325' title='bbox 1227 1823 1297 1847; x_wconf 88' lang='lat' dir='ltr'>sunt</span> <span class='ocrx_word' id='word_1_326' title='bbox 1321 1827 1334 1846; x_wconf 89' lang='lat' dir='ltr'>a</span> 
     </span>
     <span class='ocr_line' id='line_1_35' title="bbox 204 1869 1335 1920; baseline -0.015 -6"><span class='ocrx_word' id='word_1_327' title='bbox 204 1893 294 1914; x_wconf 88' lang='lat' dir='ltr'>manu</span> <span class='ocrx_word' id='word_1_328' title='bbox 310 1885 371 1912; x_wconf 80' lang='lat' dir='ltr'>fere</span> <span class='ocrx_word' id='word_1_329' title='bbox 387 1881 500 1920; x_wconf 85' lang='lat' dir='ltr'>aequali</span> <span class='ocrx_word' id='word_1_330' title='bbox 518 1880 551 1909; x_wconf 86' lang='lat' dir='ltr'>ad</span> <span class='ocrx_word' id='word_1_331' title='bbox 569 1878 700 1908; x_wconf 81' lang='lat' dir='ltr'>codicem</span> <span class='ocrx_word' id='word_1_332' title='bbox 724 1876 824 1906; x_wconf 83' lang='lat' dir='ltr'>classis</span> <span class='ocrx_word' id='word_1_333' title='bbox 843 1874 962 1910; x_wconf 82' lang='lat' dir='ltr'>tertiae;</span> <span class='ocrx_word' id='word_1_334' title='bbox 986 1871 1202 1910; x_wconf 84' lang='lat' dir='ltr'>subscriptum:</span> <span class='ocrx_word' id='word_1_335' title='bbox 1220 1869 1335 1908; x_wconf 62' lang='lat' dir='ltr'>emplz&#39;cit</span> 
     </span>
     <span class='ocr_line' id='line_1_36' title="bbox 205 1932 549 1965; baseline -0.015 0"><span class='ocrx_word' id='word_1_336' title='bbox 205 1936 275 1965; x_wconf 86' lang='lat' dir='ltr'>liber</span> <span class='ocrx_word' id='word_1_337' title='bbox 300 1935 330 1965; x_wconf 91' lang='lat' dir='ltr'>C.</span> <span class='ocrx_word' id='word_1_338' title='bbox 354 1933 425 1963; x_wconf 83' lang='lat' dir='ltr'>Iulii</span> <span class='ocrx_word' id='word_1_339' title='bbox 447 1932 549 1962; x_wconf 76' lang='lat' dir='ltr'>Solz&#39;ni.</span> 
     </span>
    </p>

    <p class='ocr_par' dir='ltr' id='par_1_10' title="bbox 162 1979 710 2017">
     <span class='ocr_line' id='line_1_37' title="bbox 162 1979 710 2017; baseline -0.016 0"><span class='ocrx_word' id='word_1_340' title='bbox 162 1984 431 2017; x_wconf 78' lang='lat' dir='ltr'>FRANCOFURTI</span> <span class='ocrx_word' id='word_1_341' title='bbox 455 1983 503 2012; x_wconf 79' lang='lat' dir='ltr'>AD</span> <span class='ocrx_word' id='word_1_342' title='bbox 529 1979 710 2011; x_wconf 81' lang='lat' dir='ltr'>VIADRUM.</span> 
     </span>
    </p>

    <p class='ocr_par' dir='ltr' id='par_1_11' title="bbox 77 2022 1337 2229">
     <span class='ocr_line' id='line_1_38' title="bbox 77 2022 1335 2070; baseline -0.017 0"><span class='ocrx_word' id='word_1_343' title='bbox 77 2040 119 2070; x_wconf 79' lang='lat'>24</span> <span class='ocrx_word' id='word_1_344' title='bbox 153 2036 457 2069; x_wconf 75' lang='lat' dir='ltr'>Westermannianus,</span> <span class='ocrx_word' id='word_1_345' title='bbox 482 2043 562 2063; x_wconf 86' lang='lat' dir='ltr'>nunc</span> <span class='ocrx_word' id='word_1_346' title='bbox 580 2033 609 2062; x_wconf 89' lang='lat' dir='ltr'>in</span> <span class='ocrx_word' id='word_1_347' title='bbox 627 2030 803 2061; x_wconf 86' lang='lat' dir='ltr'>bibliotheca</span> <span class='ocrx_word' id='word_1_348' title='bbox 820 2027 973 2068; x_wconf 76' lang='lat' dir='ltr'>gymnasii,</span> <span class='ocrx_word' id='word_1_349' title='bbox 997 2034 1072 2055; x_wconf 86' lang='lat' dir='ltr'>saec.</span> <span class='ocrx_word' id='word_1_350' title='bbox 1090 2023 1152 2053; x_wconf 80' lang='grc' dir='ltr'>ΧΠ.</span> <span class='ocrx_word' id='word_1_351' title='bbox 1183 2022 1335 2060; x_wconf 76' lang='lat' dir='ltr'>inscriptio</span> 
     </span>
     <span class='ocr_line' id='line_1_39' title="bbox 209 2073 1332 2125; baseline -0.016 -6"><span class='ocrx_word' id='word_1_352' title='bbox 209 2089 304 2124; x_wconf 76' lang='lat' dir='ltr'>n11lla3</span> <span class='ocrx_word' id='word_1_353' title='bbox 338 2086 534 2125; x_wconf 83' lang='lat' dir='ltr'>subscriptio:</span> <span class='ocrx_word' id='word_1_354' title='bbox 563 2083 678 2123; x_wconf 69' lang='lat' dir='ltr'>emplict‘t</span> <span class='ocrx_word' id='word_1_355' title='bbox 703 2081 796 2111; x_wconf 78' lang='lat' dir='ltr'>Iulius</span> <span class='ocrx_word' id='word_1_356' title='bbox 819 2080 946 2109; x_wconf 76' lang='lat' dir='ltr'>Solinus.</span> <span class='ocrx_word' id='word_1_357' title='bbox 992 2076 1063 2106; x_wconf 67' lang='lat' dir='ltr'>Iulii</span> <span class='ocrx_word' id='word_1_358' title='bbox 1085 2074 1181 2104; x_wconf 80' lang='lat' dir='ltr'>Solini</span> <span class='ocrx_word' id='word_1_359' title='bbox 1208 2073 1332 2103; x_wconf 78' lang='lat' dir='ltr'>collecta·</span> 
     </span>
     <span class='ocr_line' id='line_1_40' title="bbox 209 2124 1336 2176; baseline -0.018 -6"><span class='ocrx_word' id='word_1_360' title='bbox 209 2150 329 2170; x_wconf 76' lang='lat' dir='ltr'>tteorum</span> <span class='ocrx_word' id='word_1_361' title='bbox 346 2139 417 2168; x_wconf 86' lang='lat' dir='ltr'>liber</span> <span class='ocrx_word' id='word_1_362' title='bbox 432 2136 558 2176; x_wconf 68' lang='lat' dir='ltr'>emplicit.</span> <span class='ocrx_word' id='word_1_363' title='bbox 597 2134 657 2172; x_wconf 82' lang='lat' dir='ltr'>egit</span> <span class='ocrx_word' id='word_1_364' title='bbox 680 2134 714 2162; x_wconf 83' lang='lat' dir='ltr'>de</span> <span class='ocrx_word' id='word_1_365' title='bbox 732 2133 807 2162; x_wconf 90' lang='lat' dir='ltr'>libro</span> <span class='ocrx_word' id='word_1_366' title='bbox 826 2132 877 2161; x_wconf 87' lang='lat' dir='ltr'>Ed.</span> <span class='ocrx_word' id='word_1_367' title='bbox 895 2130 1017 2159; x_wconf 81' lang='lat' dir='ltr'>Rasmus</span> <span class='ocrx_word' id='word_1_368' title='bbox 1034 2128 1063 2156; x_wconf 93' lang='lat' dir='ltr'>iu</span> <span class='ocrx_word' id='word_1_369' title='bbox 1082 2126 1207 2154; x_wconf 84' lang='lat' dir='ltr'>Hermae</span> <span class='ocrx_word' id='word_1_370' title='bbox 1225 2124 1278 2152; x_wconf 70' lang='lat' dir='ltr'>vol.</span> <span class='ocrx_word' id='word_1_371' title='bbox 1300 2124 1336 2154; x_wconf 82' lang='lat'>12</span> 
     </span>
     <span class='ocr_line' id='line_1_41' title="bbox 209 2175 1337 2229; baseline -0.018 -7"><span class='ocrx_word' id='word_1_372' title='bbox 209 2192 316 2228; x_wconf 75' lang='lat'>(1877)</span> <span class='ocrx_word' id='word_1_373' title='bbox 341 2201 369 2229; x_wconf 94' lang='lat' dir='ltr'>p.</span> <span class='ocrx_word' id='word_1_374' title='bbox 395 2190 455 2219; x_wconf 77' lang='lat'>320</span> <span class='ocrx_word' id='word_1_375' title='bbox 473 2198 534 2226; x_wconf 82' lang='lat' dir='ltr'>seq.</span> <span class='ocrx_word' id='word_1_376' title='bbox 559 2204 600 2209; x_wconf 87' lang='lat'>—-</span> <span class='ocrx_word' id='word_1_377' title='bbox 625 2185 676 2216; x_wconf 90' lang='lat' dir='ltr'>Sui</span> <span class='ocrx_word' id='word_1_378' title='bbox 707 2183 825 2223; x_wconf 84' lang='lat' dir='ltr'>generis</span> <span class='ocrx_word' id='word_1_379' title='bbox 856 2181 948 2212; x_wconf 81' lang='lat' dir='ltr'>codex</span> <span class='ocrx_word' id='word_1_380' title='bbox 979 2184 1038 2213; x_wconf 68' lang='lat' dir='ltr'>est,</span> <span class='ocrx_word' id='word_1_381' title='bbox 1071 2186 1163 2216; x_wconf 85' lang='lat' dir='ltr'>prope</span> <span class='ocrx_word' id='word_1_382' title='bbox 1193 2175 1337 2204; x_wconf 80' lang='lat' dir='ltr'>accedens</span> 
     </span>
    </p>
   </div>
   <div class='ocr_carea' id='block_1_3' title="bbox 134 2234 1131 2265">
    <p class='ocr_par' dir='ltr' id='par_1_12' title="bbox 134 2234 1131 2265">
     <span class='ocr_line' id='line_1_42' title="bbox 134 2234 1131 2265; baseline -0.015 1"><span class='ocrx_word' id='word_1_383' title='bbox 134 2244 223 2265; x_wconf 78' lang='lat' dir='ltr'>Solinus</span> <span class='ocrx_word' id='word_1_384' title='bbox 1118 2234 1131 2251; x_wconf 92' lang='lat' dir='ltr'>c</span> 
     </span>
    </p>
   </div>
  </div>
 </body>
</html>
