1706 2446
818 126 878 154 196

226 229 312 260 quem
341 218 472 248 habitare
502 215 734 246 *Antichthones
762 213 965 243 crederentur.
1015 219 1116 239 verum
1146 208 1303 238 Alexandri
1332 207 1429 246 Magni
1468 212 1480 236 1
1503 216 1547 236 PL.

228 272 320 302 virtus
350 269 547 308 ignorantiam
577 266 687 306 publici
712 265 821 294 erroris
844 273 905 294 non
929 262 996 292 tulit
1016 261 1140 291 ulterius
1162 268 1353 299 permanere,
1383 258 1432 288 sed
1469 263 1483 286 2

113 324 163 361 53,
188 325 206 354 2
230 323 260 353 in
285 322 357 352 haec
379 329 474 359 usque
497 322 608 349 secreta
631 316 803 357 propagavit
825 313 954 344 nominis
978 313 1022 343 sui
1045 312 1178 350 gloriam.
1216 310 1322 340 missus
1345 309 1434 348 igitur
1470 313 1484 337 3

231 372 414 404 Onesicritus
433 370 599 410 praefectus
622 368 723 398 classis
739 365 945 396 Macedonicae
967 370 1075 394 terram
1098 363 1193 397 istam,
1217 365 1327 400 quanta
1350 364 1435 392 esset,
1471 364 1486 388 4

230 424 299 463 quid
323 424 475 463 gigneret,
500 420 648 460 quomodo
671 418 840 453 haberetur,
865 415 1039 455 exquisitam
1063 413 1183 444 notitiae
1207 416 1326 442 nostrae
1348 410 1436 440 dedit.
1472 416 1485 439 5

232 479 311 514 patet
327 476 354 504 in
374 472 590 513 longitudinem
612 470 774 501 stadiorum
798 475 910 507 septem
933 466 1022 501 milia,
1045 465 1074 495 in
1098 464 1281 494 latitudinem
1304 462 1436 501 quinque
1473 466 1487 489 ss

190 529 208 558 3
232 526 320 556 milia.
363 524 508 555 scinditur
537 522 616 552 amni
645 520 793 550 interfluo.
832 528 899 549 nam
924 527 991 557 pars
1015 517 1077 546 eius
1100 515 1201 545 bestiis
1224 519 1253 544 et
1276 512 1439 553 elephantis
1474 517 1488 540 τ

231 577 344 616 repleta
361 581 405 605 est
421 573 581 605 maioribus
603 572 696 602 multo
719 580 806 610 quam
830 571 888 600 sert
909 569 1007 599 India:
1031 572 1145 607 partem
1168 565 1303 596 homines
1325 567 1438 594 tenent.
1475 567 1489 591 8

233 627 399 667 margaritis
414 631 505 656 scatet
528 629 557 654 et
579 623 702 663 gemmis
725 621 872 652 omnibus.
910 620 922 660 ΙΙ
939 621 992 650 sita
1015 623 1059 649 est
1082 618 1160 648 inter
1182 621 1279 646 ortum
1303 620 1332 645 et
1354 623 1440 644 occa·
1477 618 1491 642 9

191 682 210 710 4
234 688 309 710 sum.
347 678 382 707 ab
406 687 460 707 eoo
484 676 556 706 mari
580 674 686 713 incipit
707 677 860 713 praetenta
883 671 993 701 Indiae.
1031 679 1047 699 a
1071 669 1168 699 Prasia
1188 668 1329 697 Indorum
1353 668 1442 704 gente
1464 668 1492 693 10

236 730 350 759 dierum
373 728 475 767 viginti
498 727 595 767 primo
619 726 648 755 in
673 734 737 754 eam
761 724 815 753 suit
837 732 951 758 cursus,
975 721 1025 751 sed
1049 729 1116 750 cum
1140 717 1311 759 papyraceis
1335 722 1362 745 et
1386 715 1442 745 Nili
1465 719 1492 743 11

238 780 361 811 navibus
377 780 426 809 illo
444 782 634 818 pergereturz
658 785 726 806 mox
747 783 836 805 cursu
860 778 1029 804 nostrarum
1053 771 1170 801 navium
1194 774 1307 808 septem
1330 768 1444 798 dierum
1467 771 1494 795 12

197 834 215 862 5
239 833 295 862 iter
330 832 438 861 sactum
473 834 526 859 est.
570 837 649 858 mare
684 827 822 856 vadosum
856 825 1011 855 interiacet
1038 821 1200 852 altitudinis
1230 829 1290 850 non
1320 818 1445 858 amplius
1467 822 1495 846 13

238 892 342 913 senum
371 890 528 921 passuum,
559 879 647 909 certis
676 883 772 908 autem
803 875 954 906 canalibus
982 874 1154 914 depressum
1176 872 1263 907 adeo,
1293 875 1325 900 ut
1348 869 1445 900 nullae
1468 873 1495 897 14

197 936 215 964 6
240 942 512 973 umquamancorac
522 932 555 961 ad
566 929 791 970 profundiillius
803 928 993 957 fundamenta
1006 924 1159 965 potuerint
1171 922 1335 963 pervenire.
1351 918 1447 961 ssnulla
1471 924 1497 948 15

323 1007 427 1035 RCNH
441 1005 581 1038 [L]QG(B)
594 1004 683 1035 SAP‚·
700 1004 790 1030 Anon.
804 1001 880 1028 Leia.
901 1002 918 1028 l.
938 1009 961 1027 c.
985 1002 1047 1032 (om.
1067 1002 1082 1026 9
1096 999 1191 1026 sita-
1204 1000 1233 1024 10
1246 998 1334 1030 gente)

325 1060 349 1078 v.
369 1052 384 1076 6
408 1052 483 1084 patet
498 1064 528 1068 —
545 1051 558 1074 7
578 1047 651 1073 milia
674 1046 763 1074 denuo
783 1044 875 1072 Dicuil
893 1046 917 1077 7,
935 1046 982 1077 323
1007 1051 1031 1070 v.
1051 1044 1066 1069 6
1088 1042 1202 1075 patet-
1215 1043 1230 1066 9
1249 1038 1373 1066 omnibus
1397 1035 1499 1070 compi-

242 1095 336 1121 larunt
355 1092 468 1127 Capella
481 1094 506 1125 6,
519 1092 568 1117 696
587 1093 614 1117 ec
632 1088 759 1116 Isidorus
775 1090 814 1120 14,
827 1090 851 1118 6,
867 1089 912 1119 12;
931 1087 967 1121 cf.
988 1085 1148 1112 Priscianus
1166 1092 1190 1111 v.
1204 1084 1253 1109 596
1341 1089 1363 1107 v.
1384 1082 1407 1106 ἵ.
1427 1081 1441 1105 8
1461 1078 1500 1112 cf.

241 1136 335 1164 Dicuil
346 1138 369 1167 7,
384 1138 415 1161 33
485 1142 510 1161 v.
526 1136 556 1160 10
575 1133 760 1167 praetenta—
774 1132 830 1162 197,
844 1132 858 1156 8
873 1129 1015 1161 navigatur
1033 1127 1188 1162 compilavit
1208 1124 1320 1160 Capella
1333 1126 1357 1155 6,
1371 1124 1428 1149 696.
1442 1123 1501 1147 697.

332 1207 342 1230 1
364 1206 451 1238 quem]
471 1210 552 1236 quam
568 1202 637 1232 Dic„
656 1208 717 1227 eum
735 1207 814 1233 quem
833 1197 912 1229 SAP,
937 1205 988 1223 om.
1010 1197 1030 1222 G
1151 1194 1271 1220 habitate
1290 1192 1316 1218 P
1434 1190 1503 1217 anti-

244 1248 384 1279 chthones]
395 1247 433 1273 sic
443 1245 480 1272 acl
489 1245 623 1271 Plinium:
633 1242 847 1269 Antichthonum
855 1239 1044 1274 appellatione,
1054 1238 1195 1264 antihones
1206 1235 1259 1262 HI
1263 1234 1375 1267 (SAP2),
1385 1233 1504 1260 eachites

244 1290 263 1317 Ι
278 1289 453 1322 (RCNDic.),
478 1287 611 1314 easchites
631 1284 667 1311 II
683 1283 773 1316 ([L]Q‚
793 1282 962 1315 easchidetes
983 1282 1018 1312 G,
1037 1280 1150 1307 eascites
1171 1279 1205 1310 B,
1224 1278 1357 1305 eascithes
1375 1276 1429 1308 P¹)‚
1447 1277 1505 1301 tum

246 1333 329 1360 scitas
349 1333 394 1358 *H
473 1332 487 1356 2
513 1329 696 1358 crederentur]
715 1326 815 1360 reliqui
833 1328 858 1351 et
877 1325 945 1356 Dic„
965 1324 1105 1350 crederent
1123 1322 1204 1352 *HG‚
1228 1321 1383 1348 crederetur
1401 1318 1437 1344 Ρι

247 1377 351 1406 uerum]
371 1373 418 1400 sed
437 1371 522 1399 SAP2
590 1369 736 1397 alexander
749 1370 772 1395 Α
842 1370 857 1394 2
875 1375 929 1394 non
947 1366 1010 1393 tulit
1028 1374 1054 1392 u.
1073 1371 1228 1398 permanere
1246 1366 1366 1397 (pergere
1378 1363 1430 1393 *H)
1449 1361 1505 1392 sed]

249 1417 364 1444 extinxit
382 1417 445 1443 dum
461 1413 543 1441 ,ΞΛΡ1
631 1415 645 1439 3
664 1412 693 1438 111
713 1420 764 1439 om.
784 1410 806 1443 Q
894 1411 1009 1440 secreta]
1028 1410 1135 1434 sacreta
1154 1406 1211 1433 Dic.
1231 1405 1301 1437 (Dr.)
1389 1411 1506 1438 propug-

249 1460 325 1487 nauit
342 1458 420 1491 *HQ
439 1458 572 1491 propagat
590 1455 635 1482 SA
705 1457 720 1480 4
740 1453 902 1480 onesicritos
921 1451 954 1483 P,
973 1451 1139 1478 onesicretus
1158 1448 1216 1475 Dic.
1287 1447 1369 1474 classi
1386 1445 1459 1473 SAP

249 1501 423 1529 macedoniae
442 1499 484 1532 CQ
570 1499 658 1529 istam]
678 1498 765 1531 ipsam
785 1496 843 1523 Dic.
932 1497 947 1519 5
966 1492 1135 1527 exquisitam]
1154 1491 1321 1525 exploratam
1338 1488 1424 1516 SAP²

251 1544 363 1571 notitiae
381 1543 480 1575 (notiae
499 1541 530 1574 G)
549 1542 660 1568 nostrae
678 1542 781 1571 (nostra
799 1538 834 1570 N,
852 1540 972 1565 nostram
992 1535 1072 1567 Dic.)]
1091 1536 1175 1561 nostr.
1194 1535 1250 1560 not.
1269 1532 1320 1559 RC'
1420 1532 1435 1557 6
1454 1531 1509 1557 sta-

251 1587 355 1614 diorum
378 1586 506 1617 (stadium
525 1582 645 1613 NSAP1)
664 1590 685 1609 s.
705 1584 750 1613 m.]
769 1581 808 1607 uii
825 1580 926 1606 milium
945 1579 1092 1606 stadiorum
1111 1579 1155 1604 *H
1230 1576 1268 1607 in]
1287 1573 1341 1601 III
1356 1572 1510 1606 (SAPmio.

253 1630 343 1661 Leid.,
367 1637 419 1655 om.
439 1628 539 1662 reliqui
617 1625 757 1652 latitudine
775 1622 919 1655 Dic.(D1·.)
998 1621 1124 1654 quinque]
1143 1618 1291 1645 stadiorum
1309 1625 1328 1643 u
1346 1615 1439 1643 Dicuil

253 1676 266 1699 7
287 1672 388 1699 milium
402 1673 448 1703 [H]
529 1669 669 1696 scanditur
682 1666 711 1693 N
788 1666 853 1692 anni
870 1665 895 1692 R
975 1666 1047 1698 pars]
1067 1669 1129 1696 pras
1148 1661 1209 1688 Dic.
1228 1660 1306 1693 (Diu),
1325 1666 1391 1693 paas
1412 1659 1432 1684 G

254 1715 322 1746 eius]
342 1715 399 1741 elus
421 1715 440 1739 G
509 1712 603 1739 bestiis
621 1713 648 1737 et
668 1718 719 1736 om.
734 1708 779 1735 SA
849 1711 863 1735 8
882 1707 1038 1737 maioribus]
1057 1705 1158 1738 magnis
1177 1704 1233 1735 [H]‚
1251 1709 1361 1736 magnos
1379 1700 1454 1728 Leid.

254 1758 339 1784 multo
358 1766 382 1790 q.
402 1756 421 1783 f.
440 1756 468 1787 ii]
488 1762 568 1789 quam
587 1761 653 1787 quos
672 1752 728 1778 indi
746 1751 847 1777 habent
860 1750 912 1781 SA,
931 1749 1015 1775 multo
1034 1756 1058 1782 q.
1077 1747 1095 1773 f.
1115 1747 1133 1773 i.
1153 1754 1233 1780 quam
1250 1745 1305 1772 indi
1324 1744 1425 1770 habent
1438 1742 1464 1768 P

255 1802 378 1833 partem.
394 1819 399 1825 .
415 1820 420 1825 .
438 1801 467 1824 10
486 1797 572 1824 indiae
594 1804 646 1822 om.
665 1794 688 1826 Q
791 1792 889 1826 partim
908 1792 954 1818 SA
1057 1789 1172 1816 hominis
1191 1788 1220 1814 N
1322 1790 1337 1813 9
1355 1784 1513 1818 margaretis

257 1842 317 1869 Dic.
396 1848 488 1867 casam
506 1839 545 1866 Ra
625 1840 654 1864 10
675 1839 733 1868 coo]
754 1836 786 1862 S¹
804 1838 845 1866 (eo
857 1837 881 1866 α)
900 1834 925 1861 Ρ
941 1842 979 1860 ex
997 1833 1169 1862 coniectura,
1191 1838 1222 1857 eo
1241 1829 1342 1863 reliqui
1358 1830 1395 1859 (in
1414 1827 1454 1854 llis
1472 1826 1514 1858 8²)

257 1887 283 1911 et
296 1883 355 1910 Dio.
425 1881 575 1916 praetentia
588 1880 616 1912 S,
635 1879 782 1913 praeterita
794 1877 836 1909 [L]
906 1876 1004 1907 indiae]
1018 1874 1127 1906 HSAP,
1145 1873 1219 1900 india
1234 1871 1251 1898 I
1259 1871 1420 1903 (RCNDic.)
1438 1873 1464 1896 et
1483 1868 1519 1895 II

257 1926 369 1958 ([L]GB)
421 1928 525 1958 gentem
540 1923 589 1950 RC
641 1924 669 1948 11
690 1921 792 1947 dierum
811 1920 851 1946 his
863 1918 885 1951 Q
938 1918 1023 1952 primo
1042 1925 1093 1943 om.
1109 1918 1154 1947 [H]
1207 1922 1239 1941 ea
1252 1917 1297 1946 [H]
1350 1921 1446 1940 currus
1459 1910 1482 1944 Q

259 1968 316 2000 sed]
337 1968 383 1995 sed
401 1968 453 1994 hoc
471 1965 574 1993 BSAP
657 1963 801 1998 papiriceis
820 1962 879 1989 Dic.
959 1962 986 1986 et
1004 1959 1050 1987 nili
1069 1959 1154 1991 (nihili
1173 1958 1206 1989 R,
1225 1957 1306 1984 lichni
1325 1958 1382 1988 [H])
1401 1954 1516 1982 nauibus

260 2021 311 2039 om.
331 2010 376 2038 SA
396 2013 491 2037 conlra
511 2008 630 2035 Plinium
749 2007 778 2032 12
798 2012 879 2031 cursu
897 2005 982 2030 nostr.
1001 2010 1071 2028 nau..
1082 2004 1154 2033 (nau.
1174 2002 1259 2027 nostr.
1278 1998 1334 2031 P²)]
1353 2005 1435 2025 cursu
1453 2004 1516 2023 nos-

261 2058 365 2081 trarum
383 2053 501 2087 gentium
520 2050 628 2078 nauium
647 2048 699 2081 [L],
718 2055 826 2074 cursum
844 2046 960 2073 nauibus
979 2044 1078 2072 nostris
1098 2043 1126 2076 S,
1146 2043 1260 2070 nauibus
1279 2041 1377 2068 nostris
1396 2039 1457 2066 ΑΡ1

265 2099 294 2123 13
313 2097 383 2123 inter
401 2095 430 2121 Ν
532 2093 662 2120 uadorum
677 2092 697 2117 G
803 2092 834 2116 14
852 2096 976 2115 senorum
993 2087 1052 2114 Dic.
1156 2093 1265 2119 passum
1279 2083 1333 2111 RN
1429 2084 1519 2109 autem

263 2148 314 2165 om.
327 2138 373 2165 SA
445 2137 518 2171 depr.
537 2135 614 2167 adeo]
634 2135 699 2162 adeo
719 2134 803 2160 altum
821 2132 887 2159 adeo
904 2131 979 2164 depr.
993 2129 1067 2157 SAP
1134 2128 1232 2159 nullae]
1246 2135 1295 2154 nee
1308 2127 1358 2153 *H
1427 2126 1457 2150 15
1471 2131 1519 2150 an-

266 2183 353 2212 corae]
373 2180 499 2207 ancolore
517 2178 539 2211 Q
626 2177 669 2208 ad]
694 2185 710 2203 a
729 2175 754 2202 R
840 2173 975 2208 profunda
994 2174 1039 2200 *H
1045 2183 1055 2206 ‚⁷
1074 2171 1237 2206 profundum
1256 2169 1276 2196 S
1363 2167 1439 2194 fund.
1463 2168 1518 2200 pot.

265 2226 350 2257 perir]
370 2223 422 2249 ima
440 2224 495 2256 pot,
515 2229 589 2255 peru.
610 2219 643 2251 P,
662 2219 715 2246 ima
734 2218 905 2252 peruenerint
922 2215 966 2243 SA

1513 624 1558 644 PL.
1574 614 1603 648 6,
1620 612 1661 643 82

1520 929 1564 949 PL.
1580 920 1610 954 6,
1627 917 1667 949 83
