1593 2409
760 74 889 100 LXXXII

287 164 333 193 17,
354 164 389 192 17
415 162 461 190 Μ’.
480 158 594 202 Curius]
619 170 657 189 m.
682 161 764 189 curio
784 162 811 189 P
831 170 894 189 cum
918 159 949 189 cl.
967 159 1005 195 ΙΙ,
1022 160 1164 190 maximus
1187 160 1268 189 curio
1287 162 1311 190 S
1331 169 1391 188 cum
1412 160 1449 193 N,

415 212 558 241 maximus
581 220 698 240 marcus
722 210 804 239 curio
828 212 854 240 A

286 273 335 307 26,
375 272 392 301 6
417 271 449 300 L.
472 268 627 311 Sicinium]
653 271 680 299 P
699 280 761 299 cum
787 270 820 299 cl.
837 269 875 305 II,
900 269 1113 308 quinquaginta
1136 269 1270 298 sicinium
1290 271 1312 299 S
1333 280 1393 300 cum
1413 271 1450 305 X,

415 321 629 360 quinquaginta
653 321 761 349 lucium
786 321 921 350 sicinium
946 322 971 350 A

286 384 335 417 44,
377 384 389 412 1
417 381 447 410 C.
465 378 582 421 Marius]
608 390 632 409 e.
657 381 738 418 gaius
761 380 870 409 marius
894 381 918 409 A
1580 384 1584 406 ‚²

285 435 335 467 -17,
374 435 391 463 5
417 433 564 461 intereant
587 431 659 460 facie
683 428 852 471 ridentium]
878 430 959 459 uelut
980 430 1052 459 faeie
1070 430 1227 459 ridentium
1248 430 1404 468 (ridentum
1431 431 1448 459 f.
1576 412 1583 473 ζ

413 484 450 519 Α)
474 482 621 511 intereant
638 482 696 517 SA,
720 481 868 510 intereant
892 482 963 511 facie
981 481 1139 510 ridentium
1165 481 1244 510 uelut
1267 490 1290 510 r.
1315 482 1333 510 f.
1359 481 1449 510 inter·
1580 479 1587 513 ’ς

415 538 482 562 eant
505 534 544 570 (in
570 536 662 568 [emm]
686 534 713 561 P

287 588 335 619 55,
356 587 392 615 14
418 585 576 613 memoriae
600 584 712 612 bouum
736 580 864 623 perimit]
890 582 988 612 Scum
1005 582 1132 621 reliquis,
1156 583 1314 611 memoriae
1338 583 1449 612 bonum

419 635 558 664 interficit
581 636 615 669 A,
640 634 810 663 memoriam
834 633 971 662 interficit
997 633 1109 662 bonum
1133 634 1251 673 perimit
1273 635 1301 663 P
1574 639 1583 665 1

288 697 336 725 55„
357 696 393 724 15
420 703 474 723 nec
490 694 563 722 alter
579 692 663 734 alius]
689 694 797 723 tercius
816 702 902 722 nemo
919 695 953 728 A,
979 702 1032 721 nec
1056 693 1129 722 alter
1149 693 1221 722 alius
1236 693 1340 722 tertius
1364 703 1450 722 nemo

415 746 449 779 P,
473 754 527 774 om.
557 746 581 774 S
601 754 664 774 cum
691 744 719 773 N

287 797 336 829 62,
357 797 394 826 16
417 795 560 825 Meliboea
585 795 614 824 in
639 795 694 824 hoe
719 795 792 832 pede
816 792 1005 835 conputatur]
1031 796 1054 824 S
1075 805 1137 824 cum
1160 794 1284 834 reliquis,
1310 793 1449 823 meliboea
1576 789 1582 820 l

416 847 479 875 istic
504 846 629 875 liabetur
651 845 720 875 ΡΝ2
742 846 847 884 (deficit
864 846 908 883 A),
933 845 1075 874 meliboea
1099 845 1127 874 in
1152 845 1208 874 hoc
1231 845 1305 884 pede
1329 853 1451 882 compu-

414 903 492 926 tatur
516 896 630 925 melibia
656 897 720 925 istic
744 896 868 925 babetur
892 897 918 925 P

287 959 336 992 67,
357 959 394 988 12
420 957 556 986 insiliunt
581 956 787 985 defunctorum
813 965 900 994 rogos
928 953 1098 996 coniugum]
1123 957 1145 985 S
1168 965 1230 985 cum
1252 955 1378 994 reliquis,
1402 955 1452 984 de—

416 1008 585 1036 functorum
604 1007 734 1036 insiliunt
754 1006 925 1035 maritorum
943 1015 1030 1044 rogos
1044 1009 1078 1041 A,
1097 1006 1229 1036 insiliunt
1244 1006 1451 1035 defunctorum

418 1058 553 1087 insiliunt
576 1058 748 1087 maritorum
773 1067 861 1095 rogos
885 1058 1045 1095 coniugum
1071 1059 1098 1086 P

289 1119 337 1151 ΞΟ,
358 1120 394 1148 15
421 1127 452 1147 ac
476 1117 581 1146 deinde
604 1114 808 1158 spilonstoma]
836 1118 883 1146 SA
906 1126 956 1145 suo
974 1116 1033 1146 loco
1057 1126 1120 1145 cum
1143 1116 1266 1156 reliquis,
1290 1125 1323 1145 ac
1347 1115 1452 1144 deinde

1286 1167 1329 1196 vel
1346 1170 1450 1196 sterion

415 1215 595 1239 stenostoma
612 1209 668 1239 loco
682 1209 774 1238 alieno
789 1216 851 1248 post
865 1210 1044 1238 caloustoma
1057 1212 1110 1239 ins.
1124 1211 1180 1244 SA,
1198 1219 1230 1239 ac
1243 1209 1346 1239 deinde
1360 1213 1452 1238 stoma

413 1261 476 1295 (ubi
497 1270 594 1290 errore
616 1260 720 1289 eoecz'clz't
743 1260 850 1297 spilon)
873 1270 924 1290 suo
948 1260 1005 1290 loco
1038 1259 1062 1288 P

287 1313 336 1347 97,
356 1314 393 1342 15
417 1311 495 1340 unde
519 1311 556 1340 sit
579 1308 735 1350 gignitum]
761 1310 872 1349 reliqui,
897 1311 973 1339 unde
998 1311 1115 1349 profluit
1140 1312 1179 1349 P,
1204 1310 1282 1339 unde
1306 1310 1450 1348 gignitum

418 1363 538 1401 profluit
562 1362 610 1391 SA
1590 1359 1593 1391 l

288 1415 338 1448 99,
377 1416 394 1443 5
420 1423 539 1451 quoquo
570 1410 660 1453 orbis]
687 1413 721 1442 P¹
753 1422 816 1442 cum
844 1412 977 1451 reliquis,
1008 1421 1123 1450 quaqua
1147 1417 1229 1450 parte
1254 1411 1306 1447 ΡΞ,
1338 1420 1453 1450 quaqua
1587 1395 1593 1442 l

420 1470 502 1503 parte
527 1463 597 1493 orbe
622 1463 713 1496 (orbis
742 1462 930 1501 walafridus]
956 1464 1000 1492 SA

277 1518 341 1551 104,
362 1518 399 1546 17
426 1512 539 1555 Dianio]
556 1514 589 1544 cl.
607 1513 629 1549 I,
648 1514 734 1555 iliano
751 1514 783 1543 cl.
802 1513 838 1549 II,
857 1514 962 1543 clianio
975 1515 1008 1548 P,
1026 1513 1130 1543 chiano
1145 1514 1176 1548 A,
1195 1513 1281 1542 diano
1297 1513 1419 1542 achauio
1435 1514 1459 1543 S

270 1568 339 1600 109,
379 1568 395 1596 7
421 1563 607 1606 Autolorum]
634 1565 817 1594 auctolorum
841 1566 875 1594 P¹
899 1574 964 1594 cum
986 1565 1111 1604 reliquis,
1136 1564 1303 1593 rutulorum
1330 1564 1414 1593 SAP2

270 1618 338 1652 133,
360 1619 396 1647 16
420 1616 492 1646 albis
515 1616 636 1645 maculis
653 1612 857 1656 superspersa]
876 1616 908 1645 P¹
935 1626 998 1645 cum
1018 1616 1142 1655 reliquis,
1166 1615 1306 1645 stellatam
1325 1614 1455 1643 candidis

420 1667 540 1696 maculis
552 1666 598 1703 Pi
616 1667 757 1696 stellatam
775 1667 907 1696 candidis
920 1667 1040 1696 maculis
1054 1675 1245 1705 supersparse
1258 1666 1345 1703 (-sam
1362 1666 1396 1702 A)
1411 1666 1455 1694 SA

272 1727 339 1761 136,
361 1728 396 1756 14
421 1736 435 1755 a
460 1726 580 1764 Canopo
605 1726 729 1755 Menelai
759 1725 958 1764 gubernatore
989 1725 1105 1764 sepulto
1137 1725 1166 1754 in
1198 1734 1229 1754 ea
1259 1725 1354 1754 insula
1379 1734 1453 1763 quae

419 1777 526 1805 ostium
551 1776 606 1805 Nili
630 1774 709 1817 facit]
734 1786 749 1805 a
774 1786 888 1814 canopo
912 1786 949 1805 m.
974 1786 1001 1814 g.
1026 1776 1066 1805 ibi
1088 1775 1203 1814 sepulto
1222 1776 1276 1813 SA,
1301 1785 1315 1804 a
1339 1785 1453 1814 canopo

419 1836 458 1855 m.
483 1837 509 1865 g.
534 1826 572 1855 ibi
597 1827 712 1865 sepulto
736 1827 765 1856 in
791 1836 823 1856 ea
846 1827 941 1862 insula
966 1836 993 1865 q.
1017 1836 1044 1855 0.
1069 1836 1098 1856 n.
1122 1826 1190 1856 facit
1212 1827 1241 1856 P

270 1888 339 1921 161,
358 1888 396 1917 16
422 1883 557 1927 Choaspi]
575 1887 609 1915 P¹
633 1896 696 1916 cum
714 1886 838 1926 reliquis,
862 1885 981 1925 hydaspi
998 1886 1045 1921 P2,
1070 1886 1227 1925 bycodaspi
1245 1886 1274 1921 S,
1299 1885 1455 1924 cboydaspi

510 1936 565 1975 bysl

273 2090 331 2120 163

420 1980 442 2008 Α
467 1988 502 2008 em
519 1979 653 2017 olioaspi:
680 1980 788 2009 duobus
811 1980 877 2009 aliis
901 1979 968 2008 Iocis
996 1980 1063 2014 158,
1081 1980 1109 2010 3.
1141 1980 1205 2017 161,
1226 1980 1262 2009 16
1280 1978 1349 2012 (loco
1362 1984 1454 2017 posce-

420 2032 518 2066 riore),
541 2030 592 2059 ubi
607 2030 674 2059 bom'
689 2030 757 2059 libri
771 2030 871 2060 habent
894 2031 1029 2069 cboasp·,
1055 2030 1177 2069 hydasp-
1193 2029 1367 2059 substituunt
1384 2029 1458 2058 SAP

335 2111 342 2123 ,
362 2090 399 2119 12
423 2086 554 2130 profusa]
580 2098 702 2127 prorsus
726 2089 774 2119 SF
796 2090 897 2129 (deficit
914 2091 959 2127 A),
984 2090 1103 2128 profusa
1128 2098 1249 2127 prorsus
1272 2090 1299 2118 P

274 2141 341 2175 187,
361 2142 397 2171 15
423 2137 508 2181 Nulo]
532 2142 560 2169 P
580 2149 645 2169 cum
668 2140 701 2169 cl.
718 2141 759 2175 II,
785 2141 844 2170 nilo
861 2142 883 2170 Α
907 2150 970 2170 cum
994 2140 1026 2169 cl.
1045 2139 1066 2174 Ι,
1092 2139 1151 2168 nilo
1177 2139 1257 2168 nullo
1282 2140 1306 2168 S
