1593 2409
812 115 851 143 65

121 220 177 240 iou.
216 213 228 237 1
253 217 300 238 res
323 212 382 242 est,
406 206 556 246 genuinus
579 210 675 234 terrae
698 204 832 233 habetur.
878 207 945 241 post
972 202 1051 231 hunc
1080 200 1108 229 in
1135 198 1303 228 Macedonis
1327 201 1462 227 exortum
1486 195 1516 232 9,
1543 198 1577 227 11

219 264 233 288 2
255 258 407 288 Emathiae
438 267 546 287 nomen
577 255 720 295 perstitit:
751 254 801 284 sed
825 253 945 283 Macedo
969 250 1157 282 Deucalionis
1181 254 1334 279 maternus
1358 257 1461 287 nepos,

218 315 231 338 3
255 309 306 348 qui
329 309 410 339 solus
433 318 500 338 cnm
522 308 628 337 domus
650 316 719 336 suae
744 305 850 335 familia
878 304 966 334 morti
989 302 1124 342 publicae
1148 301 1349 340 superfuerat,
1380 299 1463 329 vertit

219 366 234 390 4
257 369 396 390 vocamen
422 359 685 396 Macedoniamque
709 367 723 386 a
747 366 777 386 se
801 356 882 385 dixit.
929 353 1119 384 Macedonem
1144 353 1274 381 Caranus
1298 350 1464 389 insequitur
1492 353 1528 382 12

219 418 233 441 5
257 412 315 441 dux
332 411 566 450 Peloponnesiae
589 408 795 443 multitudinis,
813 407 862 445 qui
886 406 964 436 iuxta
988 413 1167 443 responsum
1191 403 1301 432 dictum
1326 402 1390 435 deo,
1415 401 1464 431 ubi

34 477 78 497 PL.
96 470 125 502 4,
143 468 183 498 33
221 470 235 492 ti
258 463 424 502 caprarium
443 471 533 501 pecus
549 461 693 490 resedisse
709 459 872 488 adverterat
888 456 992 486 urbem
1010 454 1142 485 condidit
1155 463 1240 492 quam
1259 453 1330 482 (lixit
1341 451 1350 493 ss
1363 454 1465 490 Aegas,

127 528 183 547 iou.
222 521 235 544 ῖ
259 515 288 544 in
313 524 370 553 qua
394 513 511 552 sepeliri
536 521 621 550 reges
645 521 708 541 mos
731 514 807 540 erat:
825 507 836 549 ll
855 517 910 538 nec
927 508 1000 537 alter
1017 505 1224 536 excellentium
1242 504 1371 533 virorum
1396 503 1466 532 hus-

223 571 237 595 8
260 565 297 595 tis
320 565 395 604 apud
420 563 596 593 Macedonas
619 562 732 601 priscos
755 561 878 590 dabatur
901 560 992 589 locus.

224 622 238 646 9
346 616 483 646 Succedit.
501 615 612 644 Carano
630 612 778 647 Perdicca,
795 610 925 641 secunda
949 615 978 639 et
1001 609 1136 638 vicesima
1161 607 1334 646 olympiade,
1354 606 1468 645 primus
1494 611 1531 639 13

210 673 238 697 10
261 668 290 697 in
304 667 474 697 Macedonia
492 676 541 695 rex
560 665 738 695 nominatus.
763 663 809 693 cui
823 662 987 691 Alexander
1000 661 1143 699 Amyntae
1160 659 1236 688 filius
1248 658 1326 687 dives
1339 657 1466 691 habitus,

211 723 237 748 11
263 728 317 748 nec
340 718 494 747 inmerito:
520 717 558 746 ita
582 715 661 745 enim
684 715 842 744 affluenter
865 721 1019 743 successus
1043 711 1106 740 eius
1122 709 1328 749 proficiebant,
1353 713 1382 738 ut
1400 712 1469 737 ante

212 775 239 799 12
262 779 365 799 omnes
394 769 523 808 Apollini
553 768 697 806 Delphos,
726 765 786 795 lovi
817 764 929 794 Elidem
962 768 1071 792 statuas
1101 771 1204 792 aureas
1237 761 1316 790 douo
1348 759 1468 789 miserit.

213 826 240 850 13
263 821 404 860 voluptati
429 819 543 849 aurium
568 817 824 857 indulgentissime
849 816 979 845 deditus:
1010 815 1086 844 sicut
1116 813 1260 852 plurimos
1291 811 1340 850 qui
1364 811 1470 840 [idibus
1497 817 1534 844 14

214 877 242 901 11
264 871 407 907 sciebant,
424 871 494 901 dum
510 871 587 905 vivit,
604 871 633 899 in
652 878 737 899 usum
755 866 965 897 oblectamenti
982 866 1068 895 donis
1085 865 1181 894 tenuit
1195 863 1376 897 liberalibus,
1394 863 1471 891 inter

213 928 241 952 15
265 932 339 961 quos
362 927 392 952 et
415 923 573 952 Pindarum
598 921 731 960 lyricum.
777 919 813 948 ab
837 919 893 948 hoc
917 917 1077 946 Archelaus
1100 925 1226 955 regnum
1251 914 1375 953 excepit,
1400 922 1471 952 pru-

215 979 242 1003 16
265 975 338 1003 dens
354 974 396 1003 rei
413 973 544 1008 bellicae,
562 972 706 1002 navalium
723 970 809 1000 etiam
826 973 1012 999 commentor
1028 967 1219 1007 proeliorum.
1253 966 1300 996 hic
1312 965 1472 994 Archelaus

215 1030 242 1054 17
266 1025 295 1054 in
323 1030 437 1054 tantum
462 1025 624 1054 litterarum
649 1023 722 1052 mire
745 1026 856 1051 amator
879 1020 949 1055 fuit,
980 1024 1011 1048 ut
1035 1019 1167 1058 Euripidi
1191 1018 1302 1056 tragico
1333 1016 1472 1046 consilio-

216 1081 243 1106 18
266 1085 331 1106 rum
355 1085 498 1105 summam
529 1074 738 1104 concrederet:
769 1073 853 1102 cuius
883 1080 1019 1110 suprema
1052 1080 1111 1099 non
1142 1074 1303 1099 contentus
1332 1067 1473 1107 prosequi

216 1133 243 1156 19
267 1132 386 1166 sumptu
410 1127 533 1162 funeris,
557 1126 670 1155 crinem
694 1130 798 1154 tonsus
822 1128 865 1152 est
889 1129 918 1152 et
942 1131 1104 1151 maerorem
1128 1130 1216 1159 quem
1240 1120 1338 1149 animo
1364 1128 1472 1148 conce-

216 1185 244 1208 20
267 1184 351 1218 perat
383 1179 465 1208 vultu
498 1177 665 1217 publicavit.
722 1175 798 1204 idem
831 1174 946 1213 Pythias
981 1178 1009 1202 et
1039 1172 1223 1211 Olympiacas
1259 1171 1368 1210 palmas
1402 1179 1474 1208 qua-

217 1236 244 1259 21
268 1230 358 1269 drigis
382 1230 521 1269 adeptus,
549 1229 661 1258 Graeco
686 1228 785 1266 potius
808 1225 906 1255 animo
932 1234 1018 1263 quam
1044 1223 1133 1262 regali
1157 1223 1279 1261 glorian]
1304 1222 1381 1251 illam
1405 1230 1475 1260 prae

218 1286 245 1311 22
269 1291 299 1311 se
322 1281 397 1310 tulit.

303 1348 329 1374 R
347 1350 388 1380 (17
408 1350 532 1374 amator.
548 1366 554 1372 .
570 1367 575 1372 .
593 1354 620 1379 p.
635 1347 675 1378 66,
691 1347 704 1371 8
723 1345 827 1378 patrem
845 1350 882 1369 eo:
899 1345 979 1377 parte
994 1341 1146 1376 perierunt)
1167 1340 1242 1367 CNH
1261 1338 1388 1371 LMGOE)
1408 1338 1480 1365 SAP

308 1393 316 1416 1
338 1393 401 1424 post
418 1390 489 1417 hunc
500 1404 531 1408 —-
544 1392 559 1415 4
577 1389 645 1415 dixit
662 1386 845 1414 adhibuerunt
864 1384 990 1411 Isidorus
1004 1386 1044 1416 14,
1058 1385 1082 1417 4,
1098 1385 1127 1409 13
1146 1386 1172 1409 et
1189 1381 1275 1409 schol.
1295 1382 1400 1409 Lucani
1422 1384 1443 1413 1,
1465 1384 1473 1406 1

218 1433 380 1460 Bernensz'a.

308 1494 317 1518 1
345 1492 464 1525 genuinu
488 1490 528 1522 R,
551 1491 667 1523 genuina
685 1491 722 1521 A,
745 1488 887 1521 genuimus
908 1487 928 1513 S
1030 1485 1193 1511 macedoniis
1213 1483 1261 1510 LG
1382 1487 1478 1510 exortu

220 1534 262 1562 R⁶
281 1535 313 1566 (Ῥ)
331 1534 455 1565 CN('?)H‚
483 1533 569 1560 exorti
597 1532 618 1558 S
730 1534 745 1557 2
772 1530 870 1557 emthie
896 1529 942 1555 R‘l
1054 1530 1189 1553 maternos
1216 1526 1279 1553 ΕΟ*
1393 1532 1479 1559 nepus

222 1577 261 1603 Ra
365 1579 379 1602 3
398 1576 493 1603 domus
512 1582 577 1602 suae
594 1575 705 1605 familia]
725 1574 803 1600 domo
822 1580 872 1599 sua.
888 1573 911 1598 A
1016 1570 1095 1596 morti
1113 1570 1216 1601 (mortis
1229 1568 1274 1601 Μ)
1293 1568 1427 1602 publicae]
1449 1565 1483 1593 II

221 1619 384 1652 (LMGAP),
416 1618 508 1645 mortis
535 1617 645 1649 RCIVS,
676 1617 755 1643 morti
782 1618 811 1642 H
919 1612 1053 1647 superfuit
1079 1613 1102 1639 Α
1213 1615 1227 1638 5
1254 1610 1481 1645 peloponnensiae

222 1661 308 1693 NSA,
336 1661 564 1695 peloponensi(a)e
586 1658 733 1691 RHLMG,
761 1658 960 1692 peloponensae
984 1655 1006 1682 C
1107 1655 1218 1686 dictum]
1246 1655 1314 1681 duce
1338 1653 1378 1679 ΝΞ

222 1705 282 1736 deo]
307 1704 339 1730 de
363 1711 395 1730 eo
421 1706 485 1734 HR,
515 1711 530 1729 e
554 1702 603 1729 deo
628 1703 651 1729 A
755 1701 803 1727 ubi
826 1708 878 1726 om.
905 1699 941 1725 P²
1047 1700 1062 1724 6
1091 1698 1252 1731 caprarium]
1283 1703 1409 1731 capreum
1433 1695 1480 1728 Ν,

224 1755 348 1780 campum
372 1747 408 1778 A,
434 1746 551 1772 crarium
575 1745 608 1773 M
612 1749 625 1761 α
734 1743 860 1770 residisse
884 1740 1013 1769 RCNMS
1119 1741 1245 1766 aduertat
1268 1739 1289 1766 S
1403 1739 1481 1766 cond.

224 1792 312 1823 quam]
332 1797 357 1822 q.
377 1797 399 1815 c.
413 1788 438 1815 R
524 1795 619 1820 aegeas
633 1790 674 1814 Ha
761 1788 775 1812 8
795 1785 953 1812 macedones
967 1783 993 1809 P
1077 1783 1182 1817 priscus
1196 1782 1229 1808 II
1247 1782 1398 1813 (LMGAP)

225 1836 239 1858 9
258 1832 369 1866 perdica
387 1830 472 1863 LGA,
491 1830 613 1864 perdicas
633 1833 661 1857 H
714 1833 742 1856 10
762 1829 789 1855 in
808 1827 966 1855 macedonia
985 1835 1036 1853 om.
1056 1825 1089 1852 M
1139 1825 1201 1852 hab.
1218 1826 1263 1852 diu
1282 1826 1305 1852 Α
1377 1828 1405 1851 11
1425 1824 1482 1851 affl.

225 1883 299 1902 succ.
314 1875 371 1901 eius
389 1873 571 1908 proficiebant
586 1874 656 1904 (·bat
676 1873 718 1905 C)]
737 1880 810 1899 succ.
824 1870 977 1903 (affluentes
991 1876 1064 1895 succ.
1079 1868 1118 1901 P)
1137 1868 1195 1895 eius
1208 1868 1367 1901 ampliandis
1386 1868 1483 1901 opibus

225 1916 386 1952 proficiebat
403 1917 490 1949 (bant
510 1915 543 1947 Ρ)
562 1914 613 1942 ΑΡ
676 1917 704 1941 12
724 1915 810 1941 omnis
829 1913 911 1946 NSP,
931 1920 1008 1939 omen
1026 1912 1050 1938 A
1103 1911 1221 1944 apolloni
1240 1910 1273 1937 M
1322 1911 1389 1937 elide
1410 1910 1435 1936 Ρ

227 1960 305 1986 domo
330 1959 351 1985 S
449 1959 550 1985 sidibus
576 1957 597 1984 S
698 1960 728 1983 14
752 1957 819 1983 uixit
844 1956 885 1982 N²
963 1954 1048 1981 .doni
1071 1953 1115 1984 L¹,
1139 1953 1223 1980 domis
1244 1953 1266 1979 G
1370 1957 1396 1979 15
1423 1953 1483 1983 hoc]

228 2003 262 2029 ho
275 2002 319 2028 Μα
419 2002 519 2035 excipit
533 2000 551 2026 I
566 2000 713 2033 (RCIVHS)
815 2002 844 2025 16
863 1997 986 2031 bellicae]
1005 1996 1130 2031 publicae
1148 1996 1181 2022 S²
1279 1996 1359 2022 etiam
1379 1997 1483 2026 comm]

229 2053 250 2072 c.
271 2053 293 2071 e.
312 2047 339 2072 H
397 2044 450 2076 hic]
469 2044 539 2070 idem
558 2043 584 2069 P
642 2045 670 2069 17
691 2043 765 2073 mire]
785 2041 897 2068 mirator
916 2041 958 2066 ΝΞ
1016 2040 1122 2073 erupidi
1140 2038 1201 2065 ΑΡι
1256 2041 1286 2065 18
1305 2045 1408 2064 summa
1428 2037 1450 2063 G

231 2088 414 2118 concrederet]
434 2087 594 2113 concederet
613 2085 632 2112 I
646 2084 794 2118 (RCNHS)
885 2087 914 2109 19
934 2084 1016 2110 subtu
1037 2081 1067 2112 G,
1087 2084 1212 2115 sumptus
1232 2081 1253 2107 C
1262 2080 1321 2107 ¹Al³
1399 2080 1485 2106 crines

230 2128 256 2155 P
332 2132 363 2155 20
389 2129 476 2160 uultu]
500 2129 569 2155 facie
592 2129 615 2155 Α
685 2127 764 2161 idem]
792 2127 809 2153 I
828 2125 1013 2158 (RCNHSA),
1037 2125 1106 2150 idem
1131 2124 1273 2150 archelaus
1301 2122 1335 2148 Il
1352 2122 1485 2154 (LJIGP),

231 2172 372 2198 archelaus
386 2174 410 2199 B
460 2176 486 2197 et
505 2180 556 2198 0711.
572 2170 604 2197 M
654 2171 826 2204 olympiacas]
847 2168 882 2195 II
896 2167 969 2200 (MC,
989 2167 1087 2201 olympi
1100 2178 1111 2189 *
1124 2175 1169 2192 cas
1188 2165 1229 2196 L).
1248 2165 1348 2199 olym-el
1364 2165 1486 2199 iJmpicas

232 2212 250 2239 I
265 2213 463 2246 (RCNHSAP)
549 2215 578 2239 21
600 2213 676 2246 regili
694 2212 727 2239 Μ
810 2212 896 2244 gloria
914 2212 959 2237 illa
980 2210 1010 2241 P,
1028 2210 1131 2243 goriam
1149 2208 1195 2235 illa
1214 2208 1247 2234 M

282 2259 378 2281 Solinus.
1267 2254 1281 2277 5
