1593 2409
709 110 747 136 LI

223 215 253 245 p.
276 206 328 242 54)
352 204 409 234 sic:
446 202 655 240 Polihystorem
679 198 773 228 Solini
802 199 833 226 in
862 195 918 225 vol.
942 193 971 228 Ι;
1008 193 1079 222 item
1105 192 1136 220 in
1161 189 1294 228 catalogo
1319 187 1363 217 bi-

224 257 389 286 bliothecae
420 252 620 292 Sangallensis
651 250 762 288 scripto
794 253 826 277 ut
849 246 981 276 creditur
1008 253 1085 274 saec.
1110 241 1149 271 IX
1183 241 1228 279 (G.
1252 239 1365 269 Becker

228 307 351 345 catalogi
382 305 452 336 bibl.
476 303 588 342 antiqui
613 312 642 341 p.
667 302 707 332 34
731 310 760 329 n.
785 299 858 335 209)
883 298 939 327 sic:
966 295 1083 325 Solinus
1113 293 1143 329 Ι;
1178 291 1306 330 denique
1338 291 1367 319 in

228 358 361 397 catalogo
394 357 486 386 altero
516 353 629 393 aequali
659 351 782 390 (Becker
806 350 824 379 l.
849 359 875 378 c.
898 358 928 387 p.
946 348 985 378 53
1010 356 1039 375 11.
1065 345 1148 380 419),
1176 343 1264 372 modo
1288 346 1369 371 recte

229 411 252 440 is
283 410 317 439 ad
348 409 424 438 hanc
455 406 665 436 bibliothecam
694 402 854 435 referatur,
886 399 944 428 sic:
976 396 1073 427 Solini
1099 394 1261 434 polz‘htstor.
1313 401 1370 422 nec

231 461 363 491 diversus
394 459 450 488 erit
487 457 579 487 codex
609 453 787 484 venerandae
826 451 990 482 vetustatis,
1027 455 1114 485 quem
1146 444 1294 474 Vadianus
1323 442 1372 476 (ad

233 512 338 542 Melam
362 510 491 540 Basileae
517 508 598 538 1522
630 506 659 535 in
691 503 854 542 appendice
886 505 989 530 contra
1021 498 1186 527 Camertem
1210 505 1235 525 c.
1264 497 1293 525 4.
1320 494 1372 532 10)

232 564 271 593 ait
303 571 399 601 nuper
429 570 459 591 se
488 569 521 589 ex
553 557 729 588 bibliotheca
760 552 945 592 Sangallensi
974 548 1186 588 impetravisse.
1233 555 1300 576 eum
1323 545 1373 574 ad-

232 612 314 642 hibui
350 611 385 640 ad
416 610 575 640 editionem
609 607 739 646 priorem
771 611 929 633 excussum
958 599 1183 639 diligentissime
1209 607 1225 627 a
1256 596 1373 626 Rothio.

234 682 275 686 —
302 661 518 692 Praescribitur
542 664 572 689 et
595 658 666 688 huic
689 655 765 686 libro
797 659 825 683 et
848 652 1001 682 simillimis
1030 651 1149 681 duobus
1171 649 1375 688 Angelomon-

235 719 304 745 tano
336 714 358 743 Α
389 717 419 742 et
443 710 615 741 Florentino
648 707 694 738 F:
716 707 746 738 C.
768 708 941 743 (commenta
964 704 998 740 A)
1023 702 1083 732 Iuli
1106 701 1186 738 (iulii
1214 701 1250 736 A)
1282 699 1378 729 Solinz'

235 768 295 796 sive
316 765 499 804 yrammaticz'
522 761 686 800 Polyltistor
710 757 861 798 (poliystor
881 756 915 793 A)
939 755 974 784 ab
998 756 1058 793 ipso
1083 754 1175 783 editus
1198 757 1223 781 et
1245 751 1376 789 recogni-

237 822 283 847 tus
299 817 330 846 (16
346 818 403 846 situ
416 815 460 853 (cle
472 815 565 853 posito
578 811 612 849 F)
629 811 706 841 orbis
721 815 867 839 terrarum
884 812 908 837 et
926 807 957 835 de
972 804 1094 843 sinqulis
1111 802 1292 833 mirabilibus
1308 810 1379 840 quae

239 870 270 898 in
293 868 401 898 amando
424 866 574 896 habentur.
620 861 817 893 subscribitur
847 860 876 888 in
907 858 1025 887 iisdem:
1060 855 1185 894 feliciter
1214 854 1284 883 liber
1310 862 1379 892 per-

239 921 362 958 scriptus
381 918 410 948 C.
430 917 501 947 Iulii
516 916 611 945 Solini
632 916 690 944 sive
712 912 897 951 grammatici
916 907 1075 949 polyhistor
1098 906 1268 946 (polihystor
1288 904 1319 942 A)
1345 903 1379 933 ab

240 973 300 1010 ipso
324 970 415 999 editus
437 973 463 998 et
485 969 656 1006 recognitus.

199 1021 376 1052 VENETIIS

118 1074 177 1106 148
201 1074 367 1104 Marcianus
390 1072 452 1101 Lat.
477 1070 512 1099 cl.
536 1069 562 1098 X
585 1078 614 1097 n.
638 1069 678 1098 29
708 1063 908 1104 (Valentinelli
939 1062 974 1091 cl.
996 1062 1035 1091 22
1061 1070 1089 1089 11.
1112 1059 1183 1096 111)
1207 1067 1282 1088 saec.
1300 1057 1374 1088 XIV.

244 1123 399 1162 inscriptio
417 1122 513 1157 nulla;
537 1118 731 1157 subscriptio:
756 1116 871 1155 explicit
888 1113 1006 1144 Solinus
1029 1112 1061 1142 de
1076 1109 1259 1141 mirabilibus
1276 1108 1379 1138 mundi

245 1181 270 1206 et
292 1177 350 1205 situ
372 1180 519 1204 terrarum
542 1177 567 1201 el
591 1179 743 1210 aquarum.
786 1167 869 1196 adest
892 1162 1152 1204 praefatiospuria.

118 1231 178 1261 149
202 1227 369 1258 Marcianus
392 1225 427 1254 cl.
450 1224 476 1253 X
501 1233 529 1252 n.
556 1222 616 1253 102
639 1229 716 1250 saec.
741 1218 798 1248 XV.
838 1216 991 1255 inscriptio
1016 1219 1044 1244 et
1067 1211 1246 1250 subscriptio
1274 1210 1382 1240 nullae.

247 1278 328 1308 adest
350 1275 492 1316 praefatio
516 1273 625 1312 spuria,
649 1272 699 1302 sed
724 1271 752 1300 in
778 1269 848 1298 folio
872 1272 974 1307 postea
998 1266 1122 1296 adiecto.

122 1332 181 1364 150
205 1329 372 1360 Marcianus
395 1327 431 1357 cl.
456 1326 480 1356 X
504 1335 532 1355 n.
559 1326 618 1355 115
643 1320 840 1359 (Valentinelli
864 1320 899 1348 cl.
924 1319 964 1349 22
990 1327 1017 1346 n.
1039 1317 1110 1353 110)
1134 1324 1210 1345 saec.
1234 1313 1296 1342 XII.
1338 1313 1383 1342 in-

250 1380 387 1420 scriptio:
420 1378 449 1408 C.
474 1376 545 1407 Iulii
567 1375 663 1405 Solimi
684 1376 742 1403 siue
763 1371 950 1411 yrarttntall'ci
968 1368 1128 1408 polyhistor
1151 1366 1184 1396 ab
1209 1367 1270 1404 ipso
1295 1364 1387 1394 editus

252 1438 276 1463 et
292 1432 454 1469 recognitus
481 1429 512 1457 (16
527 1429 584 1457 situ
609 1426 685 1456 orbis
702 1430 848 1454 terrarum
872 1427 898 1451 et
921 1422 953 1450 de
969 1419 1090 1458 singulis
1107 1416 1290 1448 mirabilibus
1315 1423 1386 1454 quae

253 1485 284 1513 in
306 1482 414 1512 mimda
431 1480 581 1509 habentur.
621 1476 815 1514 subscriptio:
840 1473 962 1512 feliciter
985 1471 1055 1500 liber
1075 1470 1252 1509 perscriptus
1273 1466 1301 1496 C.
1318 1465 1389 1495 Iulii

255 1533 350 1564 Solini
383 1534 441 1561 sive
473 1530 655 1569 yrammatici
680 1526 833 1566 polihz'stor
863 1525 897 1553 ab
928 1526 987 1562 ipso
1022 1522 1132 1551 aeditus
1162 1524 1185 1549 et
1217 1519 1387 1556 recognitus.

255 1585 336 1615 adest
358 1581 500 1622 praefatio
524 1580 634 1619 spuria.

130 1641 189 1670 150
202 1639 233 1669 Α,
274 1635 440 1665 Marcianus
463 1632 651 1661 Zanettianus
676 1630 736 1658 Lat.
763 1637 791 1656 n.
816 1627 876 1659 389
901 1622 1099 1662 (Valentinelli
1132 1622 1167 1650 cl.
1193 1622 1232 1651 22
1257 1629 1286 1649 n.
1320 1620 1391 1655 109)

258 1696 333 1717 saec.
351 1685 410 1715 XV.
448 1683 617 1722 inscriptio:
643 1680 714 1710 Iulii
726 1679 821 1709 Solim'
834 1676 1020 1716 grammatici
1035 1674 1067 1703 de
1084 1672 1268 1703 mirabilibus
1291 1671 1396 1700 ‹nzzmdt

259 1739 360 1777 incipit
378 1735 528 1774 foeliciter.
567 1733 705 1762 adhaeret
728 1735 816 1770 caput
834 1729 984 1758 Bedanum
1009 1726 1044 1755 de
1069 1724 1211 1754 Hibernia
1235 1724 1271 1761 (v.
1286 1732 1314 1752 n.
1334 1722 1396 1759 38).

215 1786 462 1820 VINDOBONAE

134 1845 190 1875 151
218 1852 247 1872 n.
271 1842 332 1872 215
357 1841 410 1874 (=
438 1838 506 1867 hist.
530 1836 607 1875 prof.
626 1836 697 1870 664,
721 1832 845 1870 catalogi
862 1827 1085 1860 Endlicheriani
1104 1837 1132 1856 n.
1151 1825 1299 1863 CCXLIX)
1323 1833 1398 1854 saec.

260 1891 319 1921 XV.
358 1889 513 1928 inscriptio
537 1892 566 1916 et
589 1884 787 1924 subscriptio:
816 1882 887 1912 Iulii
901 1881 997 1911 Solini
1019 1879 1051 1909 (16
1074 1880 1132 1908 situ
1156 1887 1181 1907 ο.
1199 1883 1218 1907 t.
1236 1882 1261 1906 et
1277 1877 1308 1905 de
1325 1877 1398 1914 siny-

263 1945 329 1973 mir.
353 1951 378 1981 q.
404 1943 435 1970 in
458 1950 496 1969 m.
519 1938 669 1968 habentur.

138 1997 198 2027 152
224 2005 252 2025 n.
277 1994 360 2026 3184
391 1993 443 2030 (=
467 1987 701 2027 salisburgensis
731 1988 769 2017 41
786 1985 824 2022 Β;
855 1982 978 2021 catalogi
1008 1978 1232 2010 Endlicheriani
1265 1988 1293 2007 n.
1319 1976 1400 2014 CCL)

267 2054 342 2075 saec.
366 2043 426 2072 XV.
466 2040 621 2079 inscriptio
647 2038 759 2068 eadem.

224 2091 568 2126 WOLFENBVETTEL

93 2148 116 2179 G
142 2149 200 2179 153
219 2147 371 2177 Gudianus
389 2155 415 2176 11.
438 2145 497 2175 163
514 2152 589 2172 saec.
607 2141 641 2171 X.
684 2141 712 2169 in
730 2139 823 2178 prima
840 2137 946 2177 pagina
964 2135 1070 2173 legitur
1089 2136 1138 2163 iste
1155 2132 1226 2161 liber
1241 2136 1279 2160 est
1296 2128 1404 2159 ecclesie

271 2198 365 2227 sancti
388 2195 576 2229 Launomari,
601 2192 651 2222 ubi
675 2192 744 2221 item
768 2198 857 2228 supra
882 2198 910 2217 n.
928 2189 966 2218 91
993 2185 1125 2214 videmus
1150 2183 1217 2211 olim
1242 2181 1331 2210 fuisse
1355 2189 1404 2209 co-

1162 2231 1200 2257 d*
