1593 2409
783 88 900 115 XLVIII

339 183 457 219 portant
489 178 647 207 manuscrit
679 176 710 205 cle
741 175 824 205 Solin
863 174 1014 213 (melanyes
1045 173 1248 212 d‘arche'oloyz‘e
1279 178 1303 202 et
1334 172 1477 202 d‘histoire

342 236 411 260 tom.
444 231 461 261 8
495 229 604 258 Romae
633 228 735 265 1888).
783 226 874 255 codex
907 234 1084 264 quamquam
1120 224 1273 254 utilitatem
1298 233 1357 252 uon
1389 222 1478 251 habet

344 291 431 320 quam
468 279 569 309 tribuit
603 278 683 308 Mace
717 277 816 307 indole
847 277 909 306 eius
940 285 1044 315 parum
1078 280 1250 314 perspecta,
1285 274 1476 304 nihilominus

342 331 540 362 memorabilis
564 335 607 359 est
630 333 732 367 utpote
756 328 834 357 inter
858 327 1075 356 contaminatos
1098 335 1176 355 unus
1193 325 1475 364 antiquissimorum.

343 383 459 413 duobus
493 381 576 411 libris
611 380 764 410 librarium
801 387 887 407 usum
922 387 985 407 esse
1019 377 1224 407 demonstrant
1264 376 1476 414 dittograpbiae

343 435 451 465 multae
482 434 511 462 in
535 437 646 462 textum
670 435 805 469 receptae
829 430 881 465 ita,
912 434 944 458 ut
974 429 1094 458 alteram
1118 428 1275 458 lectionem
1300 427 1476 466 plerumque

344 485 516 515 emendator
539 483 687 517 deleverit,
711 487 743 511 ut
759 482 809 516 26,
827 482 844 511 9
870 480 1062 520 quadrayinta
1087 481 1209 519 quinque
1232 479 1276 508 vel
1309 478 1478 518 quadragies

348 615 382 635 eo
406 605 473 634 loco
497 602 585 633 habet
607 602 774 641 qitadrayz'es
797 602 933 638 quinque,
959 599 1083 628 alterum
1114 598 1231 634 tertiae,
1266 597 1314 626 ubi
1337 601 1382 626 est
1404 605 1476 635 qua-

347 657 482 694 drayinta
511 657 642 693 quinque.
694 652 805 690 pariter
842 651 956 679 ducunt
989 650 1024 679 ad
1054 649 1189 679 codicem
1225 648 1349 678 similem
1385 647 1479 677 nostri

350 707 380 737 N
400 707 542 736 lectiones
568 706 649 741 1,11
675 704 765 741 mayis
795 704 884 731 inesse
914 710 981 730 cum
1007 700 1064 730 NH
1086 706 1114 729 et
1140 701 1212 735 162,
1236 700 1254 731 3
1283 709 1382 730 sucore
1411 708 1478 728 cum

351 758 410 793 CN,
434 766 501 787 cum
520 756 618 786 classis
646 755 748 784 tertiae
772 753 910 792 propriae
934 753 993 781 sint
1016 757 1045 781 et
1061 751 1251 790 interpolatio
1269 760 1298 790 p.
1318 751 1386 786 118,
1403 751 1422 780 2
1439 764 1479 774 =

347 812 418 845 219,
436 811 472 841 33
501 810 549 848 qui
571 812 602 837 ut
626 805 787 836 Aristoteles
810 809 838 833 et
861 804 1004 832 lectiones
1028 812 1088 832 non
1108 812 1227 841 paucae,
1253 807 1285 831 ut
1308 802 1358 836 21,
1377 803 1391 831 1
1411 809 1479 830 con-

349 862 449 891 ductor
472 877 513 881 —
537 860 592 894 22,
610 859 628 889 6
657 857 707 886 hoc
730 857 816 885 etiam
845 859 1011 893 receperunt
1040 854 1114 893 qnod
1142 870 1183 874 ——-
1213 855 1264 888 45,
1281 853 1299 882 2
1324 853 1355 881 de
1382 850 1479 880 Uli'aei's

347 911 493 942 erroribus
520 911 560 947 (in
591 908 697 943 textu).
750 906 798 935 sed
837 915 890 934 suo
929 905 1066 934 editionis
1096 904 1291 942 interpolatae
1321 901 1479 941 exemplari

349 962 486 993 librarius
499 970 570 990 usus
581 964 623 989 est
638 958 842 995 indiligentem
862 966 927 985 nam
942 956 1023 985 abest
1039 955 1179 994 praefatio
1198 955 1288 984 altera
1301 958 1329 983 et
1341 952 1482 983 remansit

348 1014 443 1043 hiatus
468 1022 495 1051 p.
513 1013 585 1045 209,
605 1010 738 1043 1-213,
756 1009 785 1039 2.
831 1008 928 1045 itaque
960 1016 1026 1036 cum
1050 1007 1149 1036 classis
1172 1006 1283 1044 primae
1307 1004 1481 1043 exemplaria

349 1074 422 1105 pura
446 1064 522 1092 iusto
548 1071 672 1091 numero
695 1064 871 1098 suppetant,
896 1058 1101 1096 interpolatam
1126 1057 1285 1086 editionem
1310 1056 1401 1085 codex
1425 1055 1479 1084 im-

351 1117 480 1156 perfecte
504 1116 715 1151 repraesentet,
741 1111 776 1139 ab
801 1120 835 1139 eo
860 1109 1064 1138 abstinuimus.

226 1172 284 1202 126
309 1179 338 1198 n.
365 1167 447 1198 7646
472 1174 548 1194 saec.
572 1163 631 1192 XV.
670 1162 839 1200 inscriptio:
870 1160 941 1190 Iulii
962 1160 1057 1190 Solini
1077 1160 1261 1197 grammatici
1282 1158 1314 1187 de
1335 1156 1480 1187 mirabili—

350 1219 400 1247 bus
422 1216 526 1246 mundi
548 1216 649 1253 incipit
671 1213 802 1251 feliciter.

226 1273 282 1303 127
309 1268 528 1300 ottobonianus
552 1275 580 1294 n.
609 1266 689 1295 1140
720 1263 848 1301 scriptus
878 1271 903 1290 a.
930 1262 1020 1291 1444.
1070 1260 1263 1298 subscriptio:
1298 1259 1366 1288 Gaii
1387 1257 1482 1288 Solini

350 1318 500 1360 poliht'stor
523 1317 593 1346 liber
616 1315 740 1354 emplicit.
779 1313 860 1342 adest
883 1311 1025 1351 praefatio
1050 1311 1158 1350 spuria.

228 1383 286 1413 128
312 1378 531 1410 Ottobonianus
555 1386 584 1405 n.
611 1375 690 1406 1387
716 1382 791 1403 saec.
809 1372 881 1401 xlv,
920 1370 1074 1409 inscriptio
1098 1376 1125 1399 et
1149 1370 1342 1408 subscriptio:
1371 1367 1482 1398 Gluliz·

355 1430 449 1460 Solini
470 1430 528 1457 sive
552 1427 735 1465 yrammatici·
756 1424 922 1463 polyhystor
944 1423 978 1451 ab
1003 1424 1061 1460 ipso
1086 1421 1126 1450 ed.
1151 1426 1175 1450 ec
1197 1430 1251 1450 rec.
1277 1421 1308 1450 de
1330 1422 1387 1449 situ
1411 1428 1437 1449 ο.
1460 1424 1480 1448 t.

353 1488 378 1511 et
402 1481 433 1510 de
455 1489 477 1509 s.
500 1480 566 1508 mir.
592 1488 616 1517 q.
641 1479 672 1506 in
695 1475 800 1504 „mando
824 1474 972 1503 habentur.
1018 1473 1100 1501 adest
1123 1471 1263 1510 praefatio
1287 1471 1395 1510 spuria.

230 1544 287 1574 129
312 1539 532 1571 ottobonianus
550 1548 578 1567 n.
599 1537 678 1568 1952
695 1544 770 1565 saec.
783 1534 842 1563 XV.
881 1532 1058 1571 subscriptio
1075 1531 1293 1560 Theodosiana:
1311 1530 1335 1560 I.
1357 1529 1387 1559 S.
1407 1528 1483 1568 ampl.

354 1591 405 1629 fel.
428 1597 462 1620 sc.
487 1595 511 1619 et
536 1590 561 1618 cl.
586 1588 695 1617 domini
721 1585 769 1615 Tlt.
795 1588 853 1615 inv.
875 1594 921 1623 pr.

229 1654 287 1685 130
314 1650 533 1681 Ottobonianus
550 1658 578 1677 n.
596 1648 679 1678 2072
696 1655 770 1675 saec.
788 1644 862 1674 XIV.
901 1647 980 1672 caret
996 1642 1091 1672 titulo.
1129 1641 1211 1670 adest
1227 1639 1367 1679 praefatio
1384 1639 1483 1678 spuria

355 1703 383 1731 in
409 1701 478 1730 solio
504 1704 604 1739 postea
627 1698 749 1727 adiecto.

232 1764 287 1794 131
315 1761 464 1791 Palatinus
481 1769 509 1788 n.
525 1760 585 1790 876
598 1767 674 1787 saec.
687 1756 760 1785 XIV.
793 1753 946 1792 inscriptio
963 1756 1030 1781 ante
1047 1751 1273 1790 praefationem:
1299 1751 1399 1788 incipit
1415 1749 1485 1778 liber

362 1811 433 1841 Iulii
454 1810 549 1840 solim·
578 1810 609 1839 (le
639 1806 820 1837 mirabilibus
850 1804 952 1834 mundi
979 1803 1072 1832 studio
1102 1807 1127 1831 et
1157 1802 1303 1840 diligentia
1337 1800 1485 1830 Theodosii

357 1863 505 1902 principis,
529 1865 597 1889 ante
620 1859 745 1888 librum:
771 1858 869 1897 incipit
893 1856 964 1885 liber
986 1853 1009 1884 I.
1027 1854 1057 1883 S.
1077 1858 1110 1883 sc.
1135 1858 1160 1883 et
1184 1853 1209 1882 d.
1232 1852 1381 1882 Theodosii
1398 1852 1482 1890 prin—

356 1916 434 1953 cipis.
483 1921 517 1940 ex
540 1911 634 1940 tribus
663 1910 744 1939 libris
768 1907 919 1943 Palatinis,
950 1905 1058 1944 quibus
1087 1905 1116 1933 in
1141 1904 1322 1943 praefatione
1344 1912 1375 1932 se
1398 1911 1483 1932 usum

357 1973 420 1993 esse
443 1963 481 1992 ait
505 1961 677 1997 Salmasius,
703 1964 773 1990 ‘uno
797 1957 1010 1997 antiquissimo’
1035 1957 1154 1994 (nempe
1178 1960 1280 1984 nostro
1304 1953 1358 1991 H),
1383 1952 1484 1982 ‘altero

359 2014 480 2043 ‘mediae
497 2012 655 2047 vetustatis,
681 2012 765 2041 tertio
786 2011 902 2040 infimae
919 2008 991 2045 etin
1007 2007 1105 2037 charta
1121 2006 1240 2044 scripto,
1257 2005 1305 2034 sed
1323 2013 1356 2033 ex
1374 2003 1485 2042 optimo

356 2064 533 2103 ‘exemplari,
560 2068 592 2093 ut
611 2062 786 2102 apparebat,
811 2059 987 2099 desumpto’,
1010 2059 1091 2087 hunc
1114 2057 1212 2096 potius
1235 2064 1298 2085 esse
1321 2055 1484 2084 secundum

357 2125 444 2154 quam
472 2125 537 2145 eum
576 2115 625 2153 qui
655 2113 789 2151 sequitur
815 2110 1008 2151 probabiliter
1038 2109 1138 2138 statuit
1167 2107 1329 2136 Stowasser
1357 2105 1486 2143 (Jahres-

360 2166 463 2197 beriam
498 2167 547 2196 (ἰρι-
581 2164 761 2205 offentlichen
799 2160 1043 2193 {Interrealschfule
1080 2161 1110 2188 in
1149 2157 1240 2191 wien,
1282 2155 1335 2187 III.
1370 2155 1485 2192 Bezirk,
