1593 2409
780 100 882 126 LXXX

308 192 333 221 P
347 206 386 217 =
404 190 568 220 I'arisinum
585 189 668 219 6810
686 187 735 225 qui
752 187 878 225 scripsit,
903 194 1079 224 quamquam
1098 185 1125 213 in
1143 184 1246 221 tribus,
1271 184 1378 223 quibus
1395 192 1460 213 euin

406 250 491 271 usum
511 249 574 270 esse
594 239 718 268 vidimus
730 238 771 276 (p.
786 235 928 276 LXXIII),
946 236 1086 274 exemplis
1105 244 1197 265 unum
1217 235 1272 264 suit
1291 235 1389 264 classis
1402 233 1461 273 pri-

406 301 470 321 mae
487 290 717 325 Theodosianae‚
742 288 809 318 inde
833 287 975 317 lectiones
992 285 1139 316 adnotavit
1154 294 1221 314 raro
1238 285 1394 314 admodum
1412 285 1463 322 (cf.

410 344 478 378 142,
499 344 536 374 19
560 340 696 380 memphis
713 337 796 379 PH);
821 349 836 368 e
860 337 1009 368 contrario
1035 337 1093 366 duo
1118 336 1170 366 alia
1195 336 1292 366 classis
1315 335 1463 365 secundae

407 395 541 429 alterum,
566 392 690 421 alterum
713 391 800 420 huius
823 399 876 429 per
892 393 987 418 totum
1004 387 1112 417 librum
1131 391 1267 416 accurate
1290 390 1464 425 persecutus

407 450 451 475 est
468 449 495 474 et
507 445 544 473 ita
562 453 576 473 a
593 443 680 472 modo
697 441 780 471 dictis
803 440 886 470 libris
903 440 1008 475 differt,
1035 438 1114 477 quod
1138 437 1342 476 interpolatam
1360 445 1466 466 recen—

406 497 519 525 sionem
543 494 682 524 exhibent
705 492 749 521 SA
773 491 1001 521 contaminatam
1025 499 1091 519 cum
1116 489 1206 518 classe
1223 488 1326 527 prima,
1349 488 1377 517 P
1399 496 1465 517 cum

408 545 498 574 classe
515 543 653 574 secunda.
687 544 724 572 ita
741 543 775 572 ad
792 546 880 581 caput
896 542 931 570 de
949 541 1096 575 cinnamo,
1115 539 1193 578 quod
1211 539 1276 568 libri
1295 548 1355 568 non
1373 538 1466 567 inter-

407 596 496 635 polati
521 595 549 624 in
575 594 727 633 Aethiopia
752 593 875 627 liabent,
907 591 1074 630 interpolati
1098 595 1127 620 et
1150 591 1179 619 in
1208 589 1358 628 Aethiopia
1383 593 1412 618 et
1436 589 1465 618 in

410 646 526 681 Arabia,
550 646 606 675 hoc
628 645 692 674 loco
716 644 878 673 adnotavit:
907 643 957 672 hoc
980 648 1071 672 totum
1095 642 1126 670 de
1150 643 1282 670 cinnamo
1313 645 1337 670 ec
1359 639 1404 669 hic
1429 636 1467 680 [et

412 694 529 737 excidit]
562 698 593 725 in
621 695 816 735 superioribus
839 694 926 724 codem
949 698 1075 722 vetustus
1097 700 1180 721 verae
1203 691 1272 730 fidei
1298 690 1467 720 continebat.

409 748 465 777 hoc
488 756 575 785 supra
600 757 628 785 p.
645 746 762 776 LXXIII
806 746 861 774 iam
891 744 1059 773 adnotatum
1085 748 1128 772 est
1153 742 1253 771 classis
1282 742 1384 771 tertiae
1407 741 1467 770 lec·

411 799 508 828 tiones
538 798 624 827 modo
649 798 678 826 in
703 801 783 826 textu
814 795 953 834 reperiri,
984 794 1070 823 modo
1095 794 1129 822 ad
1163 797 1275 822 textum
1308 792 1468 831 adscriptas

411 850 509 887 itaque
524 858 626 887 parem
651 857 714 877 esse
737 847 940 877 auctoritatem
958 849 1093 874 notarum
1111 843 1143 872 P¹
1169 847 1196 872 et
1215 842 1260 872 P2.

293 917 336 947 Ad
366 918 420 947 hos
449 917 539 946 libros
568 916 603 945 ad
633 915 807 954 interpolata
838 913 970 952 exempla
1000 916 1132 941 exaratos
1162 910 1306 940 accedunt
1329 910 1467 939 emenda-

208 970 305 999 tiones
335 969 369 998 ad
400 968 491 997 libros
516 972 632 997 nostros
663 966 762 996 classis
792 965 904 1004 primae
934 962 1117 993 secundaeve
1145 961 1307 1000 adscriptae
1337 961 1468 991 adhibito

211 1020 370 1059 exemplari
401 1019 486 1049 simili
516 1018 704 1056 interpolato.
763 1026 813 1046 eae
843 1024 909 1044 cum
940 1014 1089 1053 propriam
1119 1012 1322 1041 auctoritatem
1358 1012 1468 1041 nullam

210 1071 339 1101 habeant
356 1079 451 1109 neque
468 1074 638 1109 apparatum
656 1068 766 1098 utiliter
783 1070 918 1105 augeant,
942 1066 990 1094 liic
1006 1064 1064 1094 illic
1088 1068 1201 1092 tantum
1221 1062 1367 1101 adlegatae
1391 1067 1470 1092 sunt.

306 1139 342 1169 0²
358 1153 398 1162 Ξ
414 1147 507 1177 pauca
530 1137 641 1167 liabens
663 1136 750 1165 huius
774 1134 896 1164 indolis:
921 1133 984 1162 vide
1008 1140 1097 1170 supra
1120 1140 1148 1169 p.
1164 1130 1224 1159 XL.

305 1197 601 1235 N²=srequentius
631 1196 693 1225 eius
723 1194 840 1233 generis
875 1193 1017 1222 lectiones
1054 1191 1138 1220 affert
1172 1190 1297 1219 maxime
1325 1189 1354 1219 in
1385 1193 1470 1228 parte

418 1248 528 1286 prima;
551 1252 654 1286 postea
677 1249 840 1275 rarescunt.

314 1309 346 1338 L²
364 1322 402 1332 =
420 1307 551 1336 codicem
577 1306 626 1344 qui
650 1314 725 1334 saec.
750 1314 774 1333 c.
799 1303 825 1332 X
848 1301 1012 1332 emendavit
1037 1301 1154 1330 adnotat
1179 1299 1212 1329 ad
1237 1304 1326 1338 caput
1349 1299 1384 1328 de
1408 1299 1472 1328 cin-

421 1367 506 1387 namo
543 1356 700 1395 repetitum
738 1356 765 1384 id
802 1355 898 1393 ipsun]
934 1353 995 1382 sere
1028 1352 1106 1389 quod
1137 1351 1223 1380 modo
1259 1359 1294 1379 ex
1323 1349 1348 1379 P
1375 1348 1473 1378 attuli-

420 1418 500 1437 mus:
526 1417 697 1447 quamquam
722 1408 752 1436 in
775 1411 854 1435 seoeto
881 1413 997 1434 sursum
1021 1412 1120 1432 versus
1142 1402 1215 1439 folio
1239 1400 1325 1438 facile
1347 1405 1474 1439 repetam

423 1460 518 1489 eadem
544 1468 633 1497 paene
661 1459 692 1487 de
722 1459 854 1486 cinnamo
883 1456 1020 1494 reperiri,
1055 1459 1151 1483 tamen
1180 1454 1247 1492 qnia
1275 1457 1301 1481 et
1329 1453 1476 1490 superiore

423 1515 447 1539 et
470 1510 521 1539 hoc
544 1509 603 1538 loco
628 1511 658 1538 in
688 1509 789 1538 veleris
820 1507 888 1536 libri
918 1510 998 1535 textu
1023 1504 1250 1534 continebantur*
1269 1507 1294 1532 et
1315 1502 1367 1532 ubi
1385 1503 1476 1541 potis-

423 1563 528 1590 simum
551 1560 586 1590 ab
603 1566 718 1589 auclore
740 1561 798 1588 sint
813 1560 906 1597 posita
922 1556 1082 1589 dubitatur,
1106 1564 1165 1584 non
1188 1563 1252 1583 sum
1275 1557 1411 1592 gravacus
1433 1552 1477 1582 Ιιῖο

421 1621 453 1641 ea
469 1614 555 1642 etiam
571 1613 684 1640 iterare.
716 1610 784 1639 item
803 1613 891 1647 caput
914 1607 949 1636 de
974 1610 1076 1635 moute
1095 1605 1219 1644 Olympo
1245 1614 1273 1643 p.
1291 1605 1340 1640 62,
1357 1605 1376 1634 4
1400 1603 1477 1633 idem

424 1661 744 1693 correctorcollocari
776 1660 857 1690 iubet
891 1659 931 1688 ibi
963 1657 1013 1687 ubi
1048 1655 1158 1685 habent
1190 1655 1359 1693 interpolati
1391 1655 1477 1693 fidem

424 1716 529 1744 vetusti
543 1714 644 1743 codicis
660 1717 842 1750 anteponens.
878 1710 964 1738 etiam
980 1709 1011 1737 in
1029 1706 1206 1736 lectionibus
1223 1705 1310 1743 longe
1328 1705 1477 1743 plerisque

424 1764 458 1794 L2
474 1764 622 1793 consentit
638 1772 703 1791 cum
723 1766 824 1791 nostro
843 1760 874 1795 P,
899 1760 933 1789 iis
952 1767 1071 1797 quoque
1090 1766 1163 1795 quae
1187 1760 1303 1795 praeter
1327 1756 1379 1785 hos
1403 1755 1478 1785 duos

423 1815 514 1844 libros
533 1814 577 1843 vix
599 1816 772 1851 comparent
790 1811 866 1849 (vide
886 1810 963 1839 infra
982 1819 1010 1848 p.
1027 1807 1166 1837 LXXXIV
1181 1812 1207 1836 et
1232 1808 1299 1842 127,
1317 1805 1359 1846 5).
1393 1806 1477 1835 deni-

424 1875 481 1903 que
498 1870 530 1894 ut
548 1873 635 1903 supra
651 1863 774 1892 vidimus
791 1861 901 1891 codicis
919 1860 943 1889 P
957 1859 1076 1889 librario
1094 1862 1210 1897 praeter
1226 1857 1284 1887 duo
1302 1857 1478 1896 exemplaria

425 1916 536 1945 ordinis
555 1915 676 1945 secundi
696 1918 724 1943 et
743 1913 820 1942 tertii
841 1912 955 1951 copiam
976 1911 1046 1940 item
1059 1910 1147 1939 fuisse
1161 1908 1238 1938 tertii
1251 1908 1349 1947 stirpis
1363 1907 1479 1937 Heidel-

426 1967 589 2005 bergensis,
606 1967 643 1995 ita
657 1965 689 1994 L2
702 1965 843 1994 lectiones
861 1963 999 2002 quasdam
1013 1960 1161 1990 adnotavit
1173 1959 1242 1988 inde
1255 1959 1364 1994 ductas,
1381 1967 1479 1988 exem-

1343 2018 1374 2038 re

428 2060 467 2098 pli
484 2059 575 2098 gratia
592 2069 620 2098 p.
634 2060 683 2093 21,
698 2059 715 2089 8
731 2059 869 2097 pretiosos
885 2073 925 2077 —
941 2051 1037 2094 p.'24‚
1050 2054 1068 2084 6
1081 2054 1135 2082 coit
1151 2069 1191 2073 —
1207 2061 1236 2090 p.
1254 2052 1303 2087 27,
1325 2053 1342 2081 7
1367 2053 1479 2081 enituit.

427 2111 524 2148 itaque
549 2109 721 2139 emendator
737 2107 888 2138 Leidensis
911 2106 978 2135 libri
1002 2109 1030 2134 et
1053 2103 1179 2142 scriptor
1204 2101 1326 2131 Parisini
1350 2102 1479 2132 eiusdem

431 2161 548 2191 scholae
572 2161 701 2189 suerunt.

1576 427 1578 432 .
1558 0 1585 421 „mmm
