<?xml version="1.0" encoding="UTF-8"?>
<!DOCTYPE html PUBLIC "-//W3C//DTD XHTML 1.0 Transitional//EN"
    "http://www.w3.org/TR/xhtml1/DTD/xhtml1-transitional.dtd">
<html xmlns="http://www.w3.org/1999/xhtml" xml:lang="en" lang="en">
 <head>
  <title>
</title>
<meta http-equiv="Content-Type" content="text/html;charset=utf-8" />
  <meta name='ocr-system' content='tesseract 3.04.00' />
  <meta name='ocr-capabilities' content='ocr_page ocr_carea ocr_par ocr_line ocrx_word'/>
</head>
<body>
  <div class='ocr_page' id='page_1' title='image "./collectanearerum00soliuoft_0083.png"; bbox 0 0 1593 2409; ppageno 0'>
   <div class='ocr_carea' id='block_1_1' title="bbox 460 489 893 539">
    <p class='ocr_par' dir='ltr' id='par_1_1' title="bbox 460 489 893 539">
     <span class='ocr_line' id='line_1_1' title="bbox 460 489 893 539; baseline -0.032 0"><span class='ocrx_word' id='word_1_1' title='bbox 460 495 668 539; x_wconf 83' lang='lat' dir='ltr'>OLASSIS</span> <span class='ocrx_word' id='word_1_2' title='bbox 697 489 893 531; x_wconf 83' lang='lat' dir='ltr'><strong>TERTIA</strong></span> 
     </span>
    </p>
   </div>
   <div class='ocr_carea' id='block_1_2' title="bbox 49 581 1352 2237">
    <p class='ocr_par' dir='ltr' id='par_1_2' title="bbox 49 581 1329 1473">
     <span class='ocr_line' id='line_1_2' title="bbox 133 581 1306 644; baseline -0.031 0"><span class='ocrx_word' id='word_1_3' title='bbox 133 613 250 644; x_wconf 82' lang='lat' dir='ltr'>Tertius</span> <span class='ocrx_word' id='word_1_4' title='bbox 281 609 415 640; x_wconf 88' lang='lat' dir='ltr'>codicum</span> <span class='ocrx_word' id='word_1_5' title='bbox 447 605 519 634; x_wconf 90' lang='lat' dir='ltr'>ordo</span> <span class='ocrx_word' id='word_1_6' title='bbox 543 603 618 636; x_wconf 71' lang='lat' dir='ltr'>sive,</span> <span class='ocrx_word' id='word_1_7' title='bbox 648 604 681 629; x_wconf 85' lang='lat' dir='ltr'>ut</span> <span class='ocrx_word' id='word_1_8' title='bbox 710 598 739 627; x_wconf 93' lang='lat' dir='ltr'>in</span> <span class='ocrx_word' id='word_1_9' title='bbox 771 595 841 634; x_wconf 88' lang='lat' dir='ltr'>ipsis</span> <span class='ocrx_word' id='word_1_10' title='bbox 872 590 1052 631; x_wconf 74' lang='lat' dir='ltr'>appellatur⁷</span> <span class='ocrx_word' id='word_1_11' title='bbox 1084 585 1159 614; x_wconf 83' lang='lat' dir='ltr'>liber</span> <span class='ocrx_word' id='word_1_12' title='bbox 1188 581 1222 612; x_wconf 84' lang='lat' dir='ltr'>ab</span> <span class='ocrx_word' id='word_1_13' title='bbox 1246 581 1306 619; x_wconf 82' lang='lat' dir='ltr'>ipso</span> 
     </span>
     <span class='ocr_line' id='line_1_3' title="bbox 49 638 1308 698; baseline -0.031 0"><span class='ocrx_word' id='word_1_14' title='bbox 49 670 166 698; x_wconf 77' lang='lat' dir='ltr'>auctore</span> <span class='ocrx_word' id='word_1_15' title='bbox 182 664 273 694; x_wconf 78' lang='lat' dir='ltr'>editus</span> <span class='ocrx_word' id='word_1_16' title='bbox 292 670 324 691; x_wconf 88' lang='lat' dir='ltr'>ac</span> <span class='ocrx_word' id='word_1_17' title='bbox 339 658 501 697; x_wconf 67' lang='lat' dir='ltr'>recognitus</span> <span class='ocrx_word' id='word_1_18' title='bbox 517 650 755 683; x_wconf 82' lang='lat' dir='ltr'>testimoniorum</span> <span class='ocrx_word' id='word_1_19' title='bbox 771 649 865 676; x_wconf 84' lang='lat' dir='ltr'>aetate</span> <span class='ocrx_word' id='word_1_20' title='bbox 881 646 987 681; x_wconf 85' lang='lat' dir='ltr'>aequat</span> <span class='ocrx_word' id='word_1_21' title='bbox 1002 638 1132 678; x_wconf 85' lang='lat' dir='ltr'>primum</span> <span class='ocrx_word' id='word_1_22' title='bbox 1156 639 1185 664; x_wconf 84' lang='lat' dir='ltr'>et</span> <span class='ocrx_word' id='word_1_23' title='bbox 1201 641 1308 662; x_wconf 87' lang='lat' dir='ltr'>secun-</span> 
     </span>
     <span class='ocr_line' id='line_1_4' title="bbox 50 687 1312 753; baseline -0.031 -4"><span class='ocrx_word' id='word_1_24' title='bbox 50 718 137 753; x_wconf 88' lang='lat' dir='ltr'>dum,</span> <span class='ocrx_word' id='word_1_25' title='bbox 167 715 280 746; x_wconf 84' lang='lat' dir='ltr'>scilieet</span> <span class='ocrx_word' id='word_1_26' title='bbox 315 715 453 741; x_wconf 86' lang='lat' dir='ltr'>testatum</span> <span class='ocrx_word' id='word_1_27' title='bbox 484 715 550 736; x_wconf 84' lang='lat' dir='ltr'>eum</span> <span class='ocrx_word' id='word_1_28' title='bbox 586 702 728 733; x_wconf 85' lang='lat' dir='ltr'>habemus</span> <span class='ocrx_word' id='word_1_29' title='bbox 758 698 827 728; x_wconf 87' lang='lat' dir='ltr'>inde</span> <span class='ocrx_word' id='word_1_30' title='bbox 856 705 871 725; x_wconf 82' lang='lat' dir='ltr'>a</span> <span class='ocrx_word' id='word_1_31' title='bbox 901 691 1018 724; x_wconf 82' lang='lat' dir='ltr'>saeculo</span> <span class='ocrx_word' id='word_1_32' title='bbox 1050 697 1141 718; x_wconf 91' lang='lat' dir='ltr'>nono.</span> <span class='ocrx_word' id='word_1_33' title='bbox 1194 687 1312 724; x_wconf 82' lang='lat' dir='ltr'>praeter</span> 
     </span>
     <span class='ocr_line' id='line_1_5' title="bbox 52 736 1312 799; baseline -0.03 1"><span class='ocrx_word' id='word_1_34' title='bbox 52 769 161 799; x_wconf 87' lang='lat' dir='ltr'>librum</span> <span class='ocrx_word' id='word_1_35' title='bbox 184 765 359 796; x_wconf 82' lang='lat' dir='ltr'>Leidensem</span> <span class='ocrx_word' id='word_1_36' title='bbox 384 761 447 791; x_wconf 84' lang='lat' dir='ltr'>eius</span> <span class='ocrx_word' id='word_1_37' title='bbox 470 757 583 788; x_wconf 74' lang='lat' dir='ltr'>aetatis.</span> <span class='ocrx_word' id='word_1_38' title='bbox 606 755 636 784; x_wconf 91' lang='lat' dir='ltr'>in</span> <span class='ocrx_word' id='word_1_39' title='bbox 660 761 748 791; x_wconf 72' lang='lat' dir='ltr'>qut-m</span> <span class='ocrx_word' id='word_1_40' title='bbox 772 755 951 788; x_wconf 84' lang='lat' dir='ltr'>quamquam</span> <span class='ocrx_word' id='word_1_41' title='bbox 975 740 1098 774; x_wconf 83' lang='lat' dir='ltr'>secundi</span> <span class='ocrx_word' id='word_1_42' title='bbox 1123 736 1236 768; x_wconf 88' lang='lat' dir='ltr'>ordinis</span> <span class='ocrx_word' id='word_1_43' title='bbox 1260 739 1312 767; x_wconf 70' lang='lat' dir='ltr'>est.</span> 
     </span>
     <span class='ocr_line' id='line_1_6' title="bbox 54 786 1313 859; baseline -0.029 -8"><span class='ocrx_word' id='word_1_44' title='bbox 54 820 196 859; x_wconf 80' lang='lat' dir='ltr'>quaedam</span> <span class='ocrx_word' id='word_1_45' title='bbox 222 815 299 847; x_wconf 85' lang='lat' dir='ltr'>tertii</span> <span class='ocrx_word' id='word_1_46' title='bbox 329 812 502 844; x_wconf 79' lang='lat' dir='ltr'>emblemata</span> <span class='ocrx_word' id='word_1_47' title='bbox 532 807 620 838; x_wconf 84' lang='lat' dir='ltr'>inlata</span> <span class='ocrx_word' id='word_1_48' title='bbox 645 813 708 834; x_wconf 84' lang='lat' dir='ltr'>esse</span> <span class='ocrx_word' id='word_1_49' title='bbox 732 801 869 834; x_wconf 71' lang='lat' dir='ltr'>vidimus,</span> <span class='ocrx_word' id='word_1_50' title='bbox 894 795 971 836; x_wconf 89' lang='lat' dir='ltr'>apud</span> <span class='ocrx_word' id='word_1_51' title='bbox 994 790 1208 823; x_wconf 76' lang='lat' dir='ltr'>Walahfridum</span> <span class='ocrx_word' id='word_1_52' title='bbox 1231 786 1313 816; x_wconf 83' lang='lat' dir='ltr'>Stra-</span> 
     </span>
     <span class='ocr_line' id='line_1_7' title="bbox 53 838 1315 902; baseline -0.03 1"><span class='ocrx_word' id='word_1_53' title='bbox 53 873 163 902; x_wconf 85' lang='lat' dir='ltr'>bonem</span> <span class='ocrx_word' id='word_1_54' title='bbox 193 870 222 899; x_wconf 93' lang='lat' dir='ltr'>in</span> <span class='ocrx_word' id='word_1_55' title='bbox 247 868 304 897; x_wconf 90' lang='lat' dir='ltr'>vita</span> <span class='ocrx_word' id='word_1_56' title='bbox 334 863 427 895; x_wconf 84' lang='lat' dir='ltr'>sancti</span> <span class='ocrx_word' id='word_1_57' title='bbox 453 861 526 891; x_wconf 87' lang='lat' dir='ltr'>Galli</span> <span class='ocrx_word' id='word_1_58' title='bbox 557 857 688 888; x_wconf 77' lang='lat' dir='ltr'>dedicata</span> <span class='ocrx_word' id='word_1_59' title='bbox 718 852 815 883; x_wconf 89' lang='lat' dir='ltr'>abbati</span> <span class='ocrx_word' id='word_1_60' title='bbox 839 850 1002 888; x_wconf 67' lang='lat' dir='ltr'>Gosperto,</span> <span class='ocrx_word' id='word_1_61' title='bbox 1032 844 1082 883; x_wconf 88' lang='lat' dir='ltr'>qui</span> <span class='ocrx_word' id='word_1_62' title='bbox 1110 840 1239 871; x_wconf 81' lang='lat' dir='ltr'>osticium</span> <span class='ocrx_word' id='word_1_63' title='bbox 1264 838 1315 866; x_wconf 90' lang='lat' dir='ltr'>de-</span> 
     </span>
     <span class='ocr_line' id='line_1_8' title="bbox 56 888 1316 963; baseline -0.03 -8"><span class='ocrx_word' id='word_1_64' title='bbox 56 922 155 963; x_wconf 79' lang='lat' dir='ltr'>posuit</span> <span class='ocrx_word' id='word_1_65' title='bbox 185 930 210 951; x_wconf 88' lang='lat' dir='ltr'>a.</span> <span class='ocrx_word' id='word_1_66' title='bbox 235 921 294 952; x_wconf 81' lang='lat'>837</span> <span class='ocrx_word' id='word_1_67' title='bbox 320 917 396 956; x_wconf 70' lang='grc' dir='ltr'>(Μῦ-</span> <span class='ocrx_word' id='word_1_68' title='bbox 422 914 473 945; x_wconf 86' lang='lat' dir='ltr'>SS.</span> <span class='ocrx_word' id='word_1_69' title='bbox 498 913 527 947; x_wconf 83' lang='lat'>2,</span> <span class='ocrx_word' id='word_1_70' title='bbox 552 911 618 946; x_wconf 77' lang='lat'>67),</span> <span class='ocrx_word' id='word_1_71' title='bbox 647 908 789 945; x_wconf 85' lang='lat' dir='ltr'>leguntur</span> <span class='ocrx_word' id='word_1_72' title='bbox 820 902 875 932; x_wconf 86' lang='lat' dir='ltr'>loci</span> <span class='ocrx_word' id='word_1_73' title='bbox 905 900 963 929; x_wconf 91' lang='lat' dir='ltr'>duo</span> <span class='ocrx_word' id='word_1_74' title='bbox 994 906 1027 926; x_wconf 89' lang='lat' dir='ltr'>ex</span> <span class='ocrx_word' id='word_1_75' title='bbox 1059 894 1161 924; x_wconf 88' lang='lat' dir='ltr'>Solino</span> <span class='ocrx_word' id='word_1_76' title='bbox 1185 888 1316 928; x_wconf 82' lang='lat' dir='ltr'>excerpti</span> 
     </span>
     <span class='ocr_line' id='line_1_9' title="bbox 58 941 1319 1015; baseline -0.031 -8"><span class='ocrx_word' id='word_1_77' title='bbox 58 985 87 1015; x_wconf 90' lang='lat' dir='ltr'>p.</span> <span class='ocrx_word' id='word_1_78' title='bbox 105 976 154 1010; x_wconf 82' lang='lat'>99,</span> <span class='ocrx_word' id='word_1_79' title='bbox 173 976 191 1005; x_wconf 89' lang='lat'>5</span> <span class='ocrx_word' id='word_1_80' title='bbox 216 981 252 1003; x_wconf 77' lang='lat' dir='ltr'>ew</span> <span class='ocrx_word' id='word_1_81' title='bbox 275 973 328 1000; x_wconf 77' lang='lat' dir='ltr'>islo</span> <span class='ocrx_word' id='word_1_82' title='bbox 353 991 359 997; x_wconf 96' lang='lat'>.</span> <span class='ocrx_word' id='word_1_83' title='bbox 379 990 384 996; x_wconf 93' lang='lat'>.</span> <span class='ocrx_word' id='word_1_84' title='bbox 403 989 409 995; x_wconf 94' lang='lat'>.</span> <span class='ocrx_word' id='word_1_85' title='bbox 428 988 434 995; x_wconf 92' lang='lat'>.</span> <span class='ocrx_word' id='word_1_86' title='bbox 460 967 478 996; x_wconf 82' lang='grc'><strong>9</strong></span> <span class='ocrx_word' id='word_1_87' title='bbox 503 960 689 998; x_wconf 73' lang='lat' dir='ltr'>circmnsluae</span> <span class='ocrx_word' id='word_1_88' title='bbox 714 961 742 986; x_wconf 86' lang='lat' dir='ltr'>et</span> <span class='ocrx_word' id='word_1_89' title='bbox 761 956 830 989; x_wconf 77' lang='lat'>100,</span> <span class='ocrx_word' id='word_1_90' title='bbox 847 954 865 983; x_wconf 83' lang='lat'>6</span> <span class='ocrx_word' id='word_1_91' title='bbox 891 954 930 981; x_wconf 82' lang='lat' dir='ltr'>ila</span> <span class='ocrx_word' id='word_1_92' title='bbox 950 947 1090 989; x_wconf 72' lang='lat' dir='ltr'><em>pabulosa</em></span> <span class='ocrx_word' id='word_1_93' title='bbox 1115 968 1120 974; x_wconf 95' lang='lat'>.</span> <span class='ocrx_word' id='word_1_94' title='bbox 1139 967 1145 973; x_wconf 94' lang='lat'>.</span> <span class='ocrx_word' id='word_1_95' title='bbox 1163 966 1170 972; x_wconf 90' lang='lat'>.</span> <span class='ocrx_word' id='word_1_96' title='bbox 1189 966 1195 972; x_wconf 93' lang='lat'>.</span> <span class='ocrx_word' id='word_1_97' title='bbox 1221 943 1238 973; x_wconf 83' lang='lat' dir='ltr'>S</span> <span class='ocrx_word' id='word_1_98' title='bbox 1256 941 1319 970; x_wconf 82' lang='lat' dir='ltr'>avis</span> 
     </span>
     <span class='ocr_line' id='line_1_10' title="bbox 59 997 1319 1064; baseline -0.03 -6"><span class='ocrx_word' id='word_1_99' title='bbox 59 1036 130 1057; x_wconf 81' lang='lat' dir='ltr'>rara</span> <span class='ocrx_word' id='word_1_100' title='bbox 152 1024 239 1064; x_wconf 83' lang='lat' dir='ltr'>plane</span> <span class='ocrx_word' id='word_1_101' title='bbox 265 1023 303 1052; x_wconf 87' lang='lat' dir='ltr'>ita</span> <span class='ocrx_word' id='word_1_102' title='bbox 327 1024 358 1050; x_wconf 89' lang='lat' dir='ltr'>ut</span> <span class='ocrx_word' id='word_1_103' title='bbox 389 1016 567 1048; x_wconf 78' lang='lat' dir='ltr'>exhibentur</span> <span class='ocrx_word' id='word_1_104' title='bbox 590 1012 619 1040; x_wconf 93' lang='lat' dir='ltr'>in</span> <span class='ocrx_word' id='word_1_105' title='bbox 644 1009 732 1039; x_wconf 90' lang='lat' dir='ltr'>huius</span> <span class='ocrx_word' id='word_1_106' title='bbox 756 1005 856 1037; x_wconf 79' lang='lat' dir='ltr'>classis</span> <span class='ocrx_word' id='word_1_107' title='bbox 886 1003 963 1032; x_wconf 87' lang='lat' dir='ltr'>libro</span> <span class='ocrx_word' id='word_1_108' title='bbox 987 997 1254 1036; x_wconf 83' lang='lat' dir='ltr'>Angelomontano.</span> <span class='ocrx_word' id='word_1_109' title='bbox 1278 1009 1319 1013; x_wconf 87' lang='grc'>-</span> 
     </span>
     <span class='ocr_line' id='line_1_11' title="bbox 60 1043 1321 1108; baseline -0.03 1"><span class='ocrx_word' id='word_1_110' title='bbox 60 1077 191 1108; x_wconf 80' lang='lat' dir='ltr'>Huiusce</span> <span class='ocrx_word' id='word_1_111' title='bbox 216 1073 316 1104; x_wconf 79' lang='lat' dir='ltr'>classis</span> <span class='ocrx_word' id='word_1_112' title='bbox 339 1069 470 1100; x_wconf 77' lang='lat' dir='ltr'>extitisse</span> <span class='ocrx_word' id='word_1_113' title='bbox 494 1062 651 1103; x_wconf 78' lang='lat' dir='ltr'>aliquando</span> <span class='ocrx_word' id='word_1_114' title='bbox 676 1059 806 1089; x_wconf 78' lang='lat' dir='ltr'>codicem</span> <span class='ocrx_word' id='word_1_115' title='bbox 831 1056 1022 1092; x_wconf 80' lang='lat' dir='ltr'>archetypum</span> <span class='ocrx_word' id='word_1_116' title='bbox 1038 1049 1198 1079; x_wconf 76' lang='lat' dir='ltr'>habentem</span> <span class='ocrx_word' id='word_1_117' title='bbox 1222 1043 1321 1074; x_wconf 90' lang='lat' dir='ltr'>omnia</span> 
     </span>
     <span class='ocr_line' id='line_1_12' title="bbox 63 1095 1322 1165; baseline -0.03 -5"><span class='ocrx_word' id='word_1_118' title='bbox 63 1130 88 1160; x_wconf 76' lang='lat' dir='ltr'>ei</span> <span class='ocrx_word' id='word_1_119' title='bbox 111 1137 179 1157; x_wconf 80' lang='lat' dir='ltr'>vere</span> <span class='ocrx_word' id='word_1_120' title='bbox 211 1124 332 1165; x_wconf 86' lang='lat' dir='ltr'>propria</span> <span class='ocrx_word' id='word_1_121' title='bbox 355 1127 413 1151; x_wconf 85' lang='lat' dir='ltr'>tam</span> <span class='ocrx_word' id='word_1_122' title='bbox 438 1119 516 1148; x_wconf 87' lang='lat' dir='ltr'>bona</span> <span class='ocrx_word' id='word_1_123' title='bbox 547 1123 634 1154; x_wconf 82' lang='lat' dir='ltr'>quam</span> <span class='ocrx_word' id='word_1_124' title='bbox 662 1111 737 1141; x_wconf 86' lang='lat' dir='ltr'>mala</span> <span class='ocrx_word' id='word_1_125' title='bbox 767 1113 796 1138; x_wconf 86' lang='lat' dir='ltr'>et</span> <span class='ocrx_word' id='word_1_126' title='bbox 819 1117 853 1136; x_wconf 82' lang='lat' dir='ltr'>ex</span> <span class='ocrx_word' id='word_1_127' title='bbox 877 1105 940 1135; x_wconf 87' lang='lat' dir='ltr'>aliis</span> <span class='ocrx_word' id='word_1_128' title='bbox 967 1099 1150 1141; x_wconf 74' lang='lat' dir='ltr'>argumentis</span> <span class='ocrx_word' id='word_1_129' title='bbox 1173 1095 1322 1134; x_wconf 80' lang='lat' dir='ltr'>colligitur</span> 
     </span>
     <span class='ocr_line' id='line_1_13' title="bbox 65 1147 1322 1210; baseline -0.03 1"><span class='ocrx_word' id='word_1_130' title='bbox 65 1185 94 1210; x_wconf 83' lang='lat' dir='ltr'>et</span> <span class='ocrx_word' id='word_1_131' title='bbox 110 1178 246 1209; x_wconf 78' lang='lat' dir='ltr'>enuntiat</span> <span class='ocrx_word' id='word_1_132' title='bbox 262 1173 376 1205; x_wconf 81' lang='lat' dir='ltr'>disertis</span> <span class='ocrx_word' id='word_1_133' title='bbox 393 1170 490 1200; x_wconf 80' lang='lat' dir='ltr'>verbis</span> <span class='ocrx_word' id='word_1_134' title='bbox 506 1164 651 1204; x_wconf 78' lang='lat' dir='ltr'>recogniti</span> <span class='ocrx_word' id='word_1_135' title='bbox 668 1162 766 1201; x_wconf 87' lang='lat' dir='ltr'>operis</span> <span class='ocrx_word' id='word_1_136' title='bbox 782 1157 935 1198; x_wconf 83' lang='lat' dir='ltr'>praefatio,</span> <span class='ocrx_word' id='word_1_137' title='bbox 959 1154 999 1183; x_wconf 84' lang='lat' dir='ltr'>ait</span> <span class='ocrx_word' id='word_1_138' title='bbox 1015 1152 1092 1182; x_wconf 84' lang='lat' dir='ltr'>enim</span> <span class='ocrx_word' id='word_1_139' title='bbox 1111 1147 1243 1188; x_wconf 83' lang='lat' dir='ltr'>quisquis</span> <span class='ocrx_word' id='word_1_140' title='bbox 1260 1154 1322 1175; x_wconf 87' lang='lat' dir='ltr'>eam</span> 
     </span>
     <span class='ocr_line' id='line_1_14' title="bbox 65 1201 1323 1270; baseline -0.03 -8"><span class='ocrx_word' id='word_1_141' title='bbox 65 1230 185 1270; x_wconf 81' lang='lat' dir='ltr'>scripsit</span> <span class='ocrx_word' id='word_1_142' title='bbox 208 1224 419 1265; x_wconf 72' lang='lat' dir='ltr'>ememplarz&#39;bus</span> <span class='ocrx_word' id='word_1_143' title='bbox 446 1220 588 1259; x_wconf 77' lang='lat' dir='ltr'>corruptis</span> <span class='ocrx_word' id='word_1_144' title='bbox 618 1225 687 1256; x_wconf 76' lang='lat' dir='ltr'>quae</span> <span class='ocrx_word' id='word_1_145' title='bbox 717 1214 853 1243; x_wconf 65' lang='lat' dir='ltr'>dammula</span> <span class='ocrx_word' id='word_1_146' title='bbox 876 1210 933 1238; x_wconf 80' lang='lat' dir='ltr'>sint</span> <span class='ocrx_word' id='word_1_147' title='bbox 956 1205 1038 1245; x_wconf 77' lang='lat' dir='ltr'>quasi</span> <span class='ocrx_word' id='word_1_148' title='bbox 1057 1202 1178 1242; x_wconf 80' lang='lat' dir='ltr'>probata</span> <span class='ocrx_word' id='word_1_149' title='bbox 1201 1201 1323 1228; x_wconf 81' lang='lat' dir='ltr'>circum-</span> 
     </span>
     <span class='ocr_line' id='line_1_15' title="bbox 64 1249 1325 1322; baseline -0.03 -8"><span class='ocrx_word' id='word_1_150' title='bbox 64 1283 141 1322; x_wconf 81' lang='lat' dir='ltr'>ferri</span> <span class='ocrx_word' id='word_1_151' title='bbox 157 1281 273 1318; x_wconf 88' lang='lat' dir='ltr'>iamque</span> <span class='ocrx_word' id='word_1_152' title='bbox 289 1276 405 1307; x_wconf 83' lang='lat' dir='ltr'>scabrae</span> <span class='ocrx_word' id='word_1_153' title='bbox 420 1272 511 1303; x_wconf 77' lang='lat' dir='ltr'>adhuc</span> <span class='ocrx_word' id='word_1_154' title='bbox 528 1268 719 1308; x_wconf 77' lang='lat' dir='ltr'>informitatis</span> <span class='ocrx_word' id='word_1_155' title='bbox 732 1263 925 1303; x_wconf 73' lang='lat' dir='ltr'>proditionem</span> <span class='ocrx_word' id='word_1_156' title='bbox 949 1257 1070 1287; x_wconf 76' lang='lat' dir='ltr'>editione</span> <span class='ocrx_word' id='word_1_157' title='bbox 1092 1261 1161 1283; x_wconf 79' lang='lat' dir='ltr'>vera</span> <span class='ocrx_word' id='word_1_158' title='bbox 1183 1249 1325 1287; x_wconf 66' lang='lat' dir='ltr'>extingui.</span> 
     </span>
     <span class='ocr_line' id='line_1_16' title="bbox 67 1298 1327 1367; baseline -0.03 -2"><span class='ocrx_word' id='word_1_159' title='bbox 67 1339 195 1364; x_wconf 86' lang='lat' dir='ltr'>attamen</span> <span class='ocrx_word' id='word_1_160' title='bbox 218 1328 387 1367; x_wconf 80' lang='lat' dir='ltr'>recognitae</span> <span class='ocrx_word' id='word_1_161' title='bbox 405 1322 542 1355; x_wconf 77' lang='lat' dir='ltr'>editionis</span> <span class='ocrx_word' id='word_1_162' title='bbox 558 1319 750 1357; x_wconf 73' lang='lat' dir='ltr'>archetypum</span> <span class='ocrx_word' id='word_1_163' title='bbox 767 1314 818 1353; x_wconf 90' lang='lat' dir='ltr'>qui</span> <span class='ocrx_word' id='word_1_164' title='bbox 834 1310 1007 1350; x_wconf 84' lang='lat' dir='ltr'>simpliciter</span> <span class='ocrx_word' id='word_1_165' title='bbox 1023 1306 1236 1346; x_wconf 80' lang='lat' dir='ltr'>repraesentet,</span> <span class='ocrx_word' id='word_1_166' title='bbox 1260 1298 1327 1329; x_wconf 88' lang='lat' dir='ltr'>nul-</span> 
     </span>
     <span class='ocr_line' id='line_1_17' title="bbox 68 1356 1329 1415; baseline -0.029 1"><span class='ocrx_word' id='word_1_167' title='bbox 68 1386 114 1415; x_wconf 90' lang='lat' dir='ltr'>lus</span> <span class='ocrx_word' id='word_1_168' title='bbox 137 1387 180 1414; x_wconf 83' lang='lat' dir='ltr'>est</span> <span class='ocrx_word' id='word_1_169' title='bbox 204 1383 282 1412; x_wconf 85' lang='lat' dir='ltr'>inter</span> <span class='ocrx_word' id='word_1_170' title='bbox 310 1378 442 1412; x_wconf 70' lang='lat' dir='ltr'>codices,</span> <span class='ocrx_word' id='word_1_171' title='bbox 473 1384 488 1404; x_wconf 82' lang='lat' dir='ltr'>a</span> <span class='ocrx_word' id='word_1_172' title='bbox 520 1372 627 1411; x_wconf 84' lang='lat' dir='ltr'>quibus</span> <span class='ocrx_word' id='word_1_173' title='bbox 651 1370 679 1399; x_wconf 91' lang='lat' dir='ltr'>in</span> <span class='ocrx_word' id='word_1_174' title='bbox 710 1368 765 1396; x_wconf 84' lang='lat' dir='ltr'>hac</span> <span class='ocrx_word' id='word_1_175' title='bbox 789 1365 881 1395; x_wconf 86' lang='lat' dir='ltr'>classe</span> <span class='ocrx_word' id='word_1_176' title='bbox 909 1361 1083 1401; x_wconf 78' lang='lat' dir='ltr'>pendemus.</span> <span class='ocrx_word' id='word_1_177' title='bbox 1134 1359 1205 1385; x_wconf 88' lang='lat' dir='ltr'>sunt</span> <span class='ocrx_word' id='word_1_178' title='bbox 1232 1356 1329 1382; x_wconf 83' lang='lat' dir='ltr'>autem</span> 
     </span>
     <span class='ocr_line' id='line_1_18' title="bbox 68 1426 506 1473; baseline -0.03 -6"><span class='ocrx_word' id='word_1_179' title='bbox 68 1436 135 1467; x_wconf 80' lang='lat' dir='ltr'>libri</span> <span class='ocrx_word' id='word_1_180' title='bbox 160 1443 235 1473; x_wconf 87' lang='lat' dir='ltr'>quos</span> <span class='ocrx_word' id='word_1_181' title='bbox 257 1429 443 1461; x_wconf 80' lang='lat' dir='ltr'>adhibuimus</span> <span class='ocrx_word' id='word_1_182' title='bbox 465 1426 506 1455; x_wconf 85' lang='lat' dir='ltr'>hi.</span> 
     </span>
    </p>

    <p class='ocr_par' dir='ltr' id='par_1_3' title="bbox 186 1455 1336 1716">
     <span class='ocr_line' id='line_1_19' title="bbox 186 1455 1332 1520; baseline -0.03 -5"><span class='ocrx_word' id='word_1_183' title='bbox 186 1485 263 1514; x_wconf 80' lang='lat' dir='ltr'>S=</span> <span class='ocrx_word' id='word_1_184' title='bbox 280 1478 480 1520; x_wconf 81' lang='lat' dir='ltr'>Sangallensis</span> <span class='ocrx_word' id='word_1_185' title='bbox 504 1475 596 1506; x_wconf 79' lang='lat' dir='ltr'>codex</span> <span class='ocrx_word' id='word_1_186' title='bbox 620 1471 720 1503; x_wconf 80' lang='lat' dir='ltr'>classis</span> <span class='ocrx_word' id='word_1_187' title='bbox 748 1469 875 1508; x_wconf 72' lang='lat' dir='ltr'>primae,</span> <span class='ocrx_word' id='word_1_188' title='bbox 906 1469 938 1494; x_wconf 83' lang='lat' dir='ltr'>ut</span> <span class='ocrx_word' id='word_1_189' title='bbox 960 1471 1049 1501; x_wconf 84' lang='lat' dir='ltr'>supra</span> <span class='ocrx_word' id='word_1_190' title='bbox 1072 1470 1101 1499; x_wconf 87' lang='lat' dir='ltr'>p.</span> <span class='ocrx_word' id='word_1_191' title='bbox 1127 1457 1176 1487; x_wconf 82' lang='lat' dir='ltr'>LX</span> <span class='ocrx_word' id='word_1_192' title='bbox 1199 1455 1332 1487; x_wconf 75' lang='lat' dir='ltr'>vidimus,</span> 
     </span>
     <span class='ocr_line' id='line_1_20' title="bbox 280 1505 1333 1571; baseline -0.029 -8"><span class='ocrx_word' id='word_1_193' title='bbox 280 1534 309 1563; x_wconf 94' lang='lat' dir='ltr'>in</span> <span class='ocrx_word' id='word_1_194' title='bbox 340 1535 423 1571; x_wconf 76' lang='lat' dir='ltr'>parte</span> <span class='ocrx_word' id='word_1_195' title='bbox 454 1528 548 1568; x_wconf 87' lang='lat' dir='ltr'>prima</span> <span class='ocrx_word' id='word_1_196' title='bbox 578 1526 637 1554; x_wconf 76' lang='lat' dir='ltr'>sere</span> <span class='ocrx_word' id='word_1_197' title='bbox 669 1523 703 1552; x_wconf 86' lang='lat' dir='ltr'>ad</span> <span class='ocrx_word' id='word_1_198' title='bbox 728 1531 756 1560; x_wconf 88' lang='lat' dir='ltr'>p.</span> <span class='ocrx_word' id='word_1_199' title='bbox 781 1522 820 1551; x_wconf 71' lang='lat'>74</span> <span class='ocrx_word' id='word_1_200' title='bbox 849 1527 863 1547; x_wconf 88' lang='lat' dir='ltr'>a</span> <span class='ocrx_word' id='word_1_201' title='bbox 895 1513 1072 1546; x_wconf 86' lang='lat' dir='ltr'>lectionibus</span> <span class='ocrx_word' id='word_1_202' title='bbox 1101 1508 1208 1546; x_wconf 20' lang='lat' dir='ltr'>classis*</span> <span class='ocrx_word' id='word_1_203' title='bbox 1231 1505 1333 1536; x_wconf 84' lang='lat' dir='ltr'>tertiae</span> 
     </span>
     <span class='ocr_line' id='line_1_21' title="bbox 280 1556 1336 1615; baseline -0.029 -2"><span class='ocrx_word' id='word_1_204' title='bbox 280 1583 448 1615; x_wconf 77' lang='lat' dir='ltr'>abstinens,</span> <span class='ocrx_word' id='word_1_205' title='bbox 480 1578 530 1608; x_wconf 84' lang='lat' dir='ltr'>sed</span> <span class='ocrx_word' id='word_1_206' title='bbox 559 1576 673 1606; x_wconf 79' lang='lat' dir='ltr'>habens</span> <span class='ocrx_word' id='word_1_207' title='bbox 703 1573 732 1602; x_wconf 91' lang='lat' dir='ltr'>in</span> <span class='ocrx_word' id='word_1_208' title='bbox 765 1571 828 1610; x_wconf 88' lang='lat' dir='ltr'>ipso</span> <span class='ocrx_word' id='word_1_209' title='bbox 859 1565 1007 1607; x_wconf 82' lang='lat' dir='ltr'>principio</span> <span class='ocrx_word' id='word_1_210' title='bbox 1038 1560 1234 1602; x_wconf 79' lang='lat' dir='ltr'>praefationes</span> <span class='ocrx_word' id='word_1_211' title='bbox 1264 1556 1336 1584; x_wconf 87' lang='lat' dir='ltr'>duas</span> 
     </span>
     <span class='ocr_line' id='line_1_22' title="bbox 284 1607 1336 1672; baseline -0.029 -8"><span class='ocrx_word' id='word_1_212' title='bbox 284 1635 414 1672; x_wconf 83' lang='lat' dir='ltr'>itemque</span> <span class='ocrx_word' id='word_1_213' title='bbox 438 1632 534 1660; x_wconf 88' lang='lat' dir='ltr'>locum</span> <span class='ocrx_word' id='word_1_214' title='bbox 559 1628 594 1657; x_wconf 81' lang='lat' dir='ltr'>de</span> <span class='ocrx_word' id='word_1_215' title='bbox 619 1626 744 1664; x_wconf 81' lang='lat' dir='ltr'>Olympo</span> <span class='ocrx_word' id='word_1_216' title='bbox 775 1632 803 1661; x_wconf 89' lang='lat' dir='ltr'>p.</span> <span class='ocrx_word' id='word_1_217' title='bbox 829 1622 880 1655; x_wconf 76' lang='lat'>(32,</span> <span class='ocrx_word' id='word_1_218' title='bbox 909 1621 926 1650; x_wconf 72' lang='lat'>4</span> <span class='ocrx_word' id='word_1_219' title='bbox 951 1627 985 1646; x_wconf 84' lang='lat' dir='ltr'>ex</span> <span class='ocrx_word' id='word_1_220' title='bbox 1014 1612 1163 1644; x_wconf 82' lang='lat' dir='ltr'>Thessalia</span> <span class='ocrx_word' id='word_1_221' title='bbox 1187 1610 1216 1639; x_wconf 94' lang='lat' dir='ltr'>in</span> <span class='ocrx_word' id='word_1_222' title='bbox 1241 1607 1336 1637; x_wconf 77' lang='lat' dir='ltr'>Mace-</span> 
     </span>
     <span class='ocr_line' id='line_1_23' title="bbox 284 1681 611 1716; baseline -0.028 0"><span class='ocrx_word' id='word_1_223' title='bbox 284 1685 404 1716; x_wconf 90' lang='lat' dir='ltr'>doniam</span> <span class='ocrx_word' id='word_1_224' title='bbox 428 1681 611 1712; x_wconf 82' lang='lat' dir='ltr'>translatum.</span> 
     </span>
    </p>

    <p class='ocr_par' dir='ltr' id='par_1_4' title="bbox 184 1708 1345 2031">
     <span class='ocr_line' id='line_1_24' title="bbox 184 1708 1339 1776; baseline -0.029 -5"><span class='ocrx_word' id='word_1_225' title='bbox 184 1741 206 1771; x_wconf 75' lang='lat' dir='ltr'><em>A</em></span> <span class='ocrx_word' id='word_1_226' title='bbox 223 1754 264 1765; x_wconf 89' lang='lat'>=</span> <span class='ocrx_word' id='word_1_227' title='bbox 284 1736 560 1776; x_wconf 79' lang='lat' dir='ltr'>Angelomontanus</span> <span class='ocrx_word' id='word_1_228' title='bbox 590 1730 659 1759; x_wconf 84' lang='lat' dir='ltr'>item</span> <span class='ocrx_word' id='word_1_229' title='bbox 684 1726 777 1756; x_wconf 83' lang='lat' dir='ltr'>codex</span> <span class='ocrx_word' id='word_1_230' title='bbox 807 1722 906 1753; x_wconf 82' lang='lat' dir='ltr'>classis</span> <span class='ocrx_word' id='word_1_231' title='bbox 931 1719 1043 1759; x_wconf 81' lang='lat' dir='ltr'>primae</span> <span class='ocrx_word' id='word_1_232' title='bbox 1075 1719 1111 1752; x_wconf 84' lang='lat' dir='ltr'>(v.</span> <span class='ocrx_word' id='word_1_233' title='bbox 1136 1724 1164 1753; x_wconf 89' lang='lat' dir='ltr'>p.</span> <span class='ocrx_word' id='word_1_234' title='bbox 1183 1711 1259 1749; x_wconf 85' lang='lat' dir='ltr'>Lx),</span> <span class='ocrx_word' id='word_1_235' title='bbox 1289 1708 1339 1738; x_wconf 87' lang='lat' dir='ltr'>sed</span> 
     </span>
     <span class='ocr_line' id='line_1_25' title="bbox 287 1760 1341 1827; baseline -0.029 -8"><span class='ocrx_word' id='word_1_236' title='bbox 287 1789 416 1827; x_wconf 87' lang='lat' dir='ltr'>scriptor</span> <span class='ocrx_word' id='word_1_237' title='bbox 438 1786 481 1814; x_wconf 91' lang='lat' dir='ltr'>vir</span> <span class='ocrx_word' id='word_1_238' title='bbox 512 1783 636 1821; x_wconf 79' lang='lat' dir='ltr'>diligens</span> <span class='ocrx_word' id='word_1_239' title='bbox 660 1783 688 1808; x_wconf 92' lang='lat' dir='ltr'>et</span> <span class='ocrx_word' id='word_1_240' title='bbox 717 1781 821 1807; x_wconf 83' lang='lat' dir='ltr'>acutus</span> <span class='ocrx_word' id='word_1_241' title='bbox 851 1782 903 1813; x_wconf 80' lang='lat' dir='ltr'>per</span> <span class='ocrx_word' id='word_1_242' title='bbox 926 1776 1021 1801; x_wconf 82' lang='lat' dir='ltr'>totuin</span> <span class='ocrx_word' id='word_1_243' title='bbox 1051 1768 1158 1797; x_wconf 86' lang='lat' dir='ltr'>librum</span> <span class='ocrx_word' id='word_1_244' title='bbox 1190 1760 1341 1793; x_wconf 88' lang='lat' dir='ltr'>recensio-</span> 
     </span>
     <span class='ocr_line' id='line_1_26' title="bbox 290 1812 1342 1875; baseline -0.03 -4"><span class='ocrx_word' id='word_1_245' title='bbox 290 1849 359 1870; x_wconf 90' lang='lat' dir='ltr'>nem</span> <span class='ocrx_word' id='word_1_246' title='bbox 395 1835 599 1875; x_wconf 85' lang='lat' dir='ltr'>interpolatam</span> <span class='ocrx_word' id='word_1_247' title='bbox 632 1840 690 1860; x_wconf 85' lang='lat' dir='ltr'>una</span> <span class='ocrx_word' id='word_1_248' title='bbox 727 1837 793 1858; x_wconf 88' lang='lat' dir='ltr'>cum</span> <span class='ocrx_word' id='word_1_249' title='bbox 822 1826 911 1856; x_wconf 85' lang='lat' dir='ltr'>altera</span> <span class='ocrx_word' id='word_1_250' title='bbox 945 1821 1077 1852; x_wconf 86' lang='lat' dir='ltr'>adhibuit</span> <span class='ocrx_word' id='word_1_251' title='bbox 1106 1824 1135 1847; x_wconf 87' lang='lat' dir='ltr'>et</span> <span class='ocrx_word' id='word_1_252' title='bbox 1166 1812 1342 1854; x_wconf 85' lang='lat' dir='ltr'>quibusdam</span> 
     </span>
     <span class='ocr_line' id='line_1_27' title="bbox 290 1866 1345 1928; baseline -0.029 -6"><span class='ocrx_word' id='word_1_253' title='bbox 290 1892 362 1922; x_wconf 83' lang='lat' dir='ltr'>locis</span> <span class='ocrx_word' id='word_1_254' title='bbox 386 1898 460 1928; x_wconf 86' lang='lat' dir='ltr'>quae</span> <span class='ocrx_word' id='word_1_255' title='bbox 484 1887 512 1916; x_wconf 95' lang='lat' dir='ltr'>in</span> <span class='ocrx_word' id='word_1_256' title='bbox 538 1881 722 1922; x_wconf 84' lang='lat' dir='ltr'>Sangallensi</span> <span class='ocrx_word' id='word_1_257' title='bbox 745 1880 885 1918; x_wconf 82' lang='lat' dir='ltr'>leguntur</span> <span class='ocrx_word' id='word_1_258' title='bbox 918 1872 1056 1904; x_wconf 81' lang='lat' dir='ltr'>informia</span> <span class='ocrx_word' id='word_1_259' title='bbox 1089 1871 1142 1904; x_wconf 68' lang='lat' dir='ltr'>ita,</span> <span class='ocrx_word' id='word_1_260' title='bbox 1167 1872 1199 1897; x_wconf 89' lang='lat' dir='ltr'>ut</span> <span class='ocrx_word' id='word_1_261' title='bbox 1222 1866 1345 1894; x_wconf 79' lang='lat' dir='ltr'>fuerunt</span> 
     </span>
     <span class='ocr_line' id='line_1_28' title="bbox 289 1914 1344 1979; baseline -0.028 -6"><span class='ocrx_word' id='word_1_262' title='bbox 289 1944 318 1973; x_wconf 91' lang='lat' dir='ltr'>in</span> <span class='ocrx_word' id='word_1_263' title='bbox 337 1942 506 1979; x_wconf 79' lang='lat' dir='ltr'>archetypo,</span> <span class='ocrx_word' id='word_1_264' title='bbox 523 1947 558 1967; x_wconf 81' lang='lat' dir='ltr'>ex</span> <span class='ocrx_word' id='word_1_265' title='bbox 575 1934 694 1974; x_wconf 79' lang='lat' dir='ltr'>ingenio</span> <span class='ocrx_word' id='word_1_266' title='bbox 712 1928 888 1966; x_wconf 72' lang='lat' dir='ltr'>reformavit,</span> <span class='ocrx_word' id='word_1_267' title='bbox 902 1927 929 1956; x_wconf 89' lang='lat' dir='ltr'>id</span> <span class='ocrx_word' id='word_1_268' title='bbox 944 1924 1022 1964; x_wconf 89' lang='lat' dir='ltr'>quod</span> <span class='ocrx_word' id='word_1_269' title='bbox 1037 1921 1199 1952; x_wconf 86' lang='lat' dir='ltr'>ostendunt</span> <span class='ocrx_word' id='word_1_270' title='bbox 1212 1914 1344 1954; x_wconf 78' lang='lat' dir='ltr'>exempla</span> 
     </span>
     <span class='ocr_line' id='line_1_29' title="bbox 290 1986 685 2031; baseline -0.028 -6"><span class='ocrx_word' id='word_1_271' title='bbox 290 1995 367 2025; x_wconf 87' lang='lat' dir='ltr'>infra</span> <span class='ocrx_word' id='word_1_272' title='bbox 390 2003 418 2031; x_wconf 93' lang='lat' dir='ltr'>p.</span> <span class='ocrx_word' id='word_1_273' title='bbox 444 1988 559 2020; x_wconf 81' lang='lat' dir='ltr'>LXXXI</span> <span class='ocrx_word' id='word_1_274' title='bbox 582 1986 685 2016; x_wconf 84' lang='lat' dir='ltr'>adlata.</span> 
     </span>
    </p>

    <p class='ocr_par' dir='ltr' id='par_1_5' title="bbox 196 2017 1352 2237">
     <span class='ocr_line' id='line_1_30' title="bbox 196 2017 1348 2077; baseline -0.029 1"><span class='ocrx_word' id='word_1_275' title='bbox 196 2047 276 2077; x_wconf 88' lang='lat' dir='ltr'>F==</span> <span class='ocrx_word' id='word_1_276' title='bbox 292 2043 484 2075; x_wconf 84' lang='lat' dir='ltr'>Florentinus</span> <span class='ocrx_word' id='word_1_277' title='bbox 513 2037 731 2070; x_wconf 80' lang='lat' dir='ltr'>Laurentianus</span> <span class='ocrx_word' id='word_1_278' title='bbox 761 2036 879 2063; x_wconf 87' lang='lat' dir='ltr'>sanotae</span> <span class='ocrx_word' id='word_1_279' title='bbox 909 2027 1006 2058; x_wconf 80' lang='lat' dir='ltr'>crucis</span> <span class='ocrx_word' id='word_1_280' title='bbox 1035 2025 1108 2065; x_wconf 88' lang='lat' dir='ltr'>plut.</span> <span class='ocrx_word' id='word_1_281' title='bbox 1133 2024 1172 2053; x_wconf 79' lang='lat'>20</span> <span class='ocrx_word' id='word_1_282' title='bbox 1196 2021 1251 2050; x_wconf 91' lang='lat' dir='ltr'>sin.</span> <span class='ocrx_word' id='word_1_283' title='bbox 1276 2028 1305 2047; x_wconf 88' lang='lat' dir='ltr'>n.</span> <span class='ocrx_word' id='word_1_284' title='bbox 1330 2017 1348 2045; x_wconf 81' lang='lat'>2</span> 
     </span>
     <span class='ocr_line' id='line_1_31' title="bbox 294 2066 1349 2136; baseline -0.03 -9"><span class='ocrx_word' id='word_1_285' title='bbox 294 2102 412 2136; x_wconf 84' lang='lat' dir='ltr'>praeter</span> <span class='ocrx_word' id='word_1_286' title='bbox 434 2094 516 2123; x_wconf 84' lang='lat' dir='ltr'>locos</span> <span class='ocrx_word' id='word_1_287' title='bbox 540 2087 710 2130; x_wconf 85' lang='lat' dir='ltr'>speciminis</span> <span class='ocrx_word' id='word_1_288' title='bbox 733 2093 819 2115; x_wconf 84' lang='lat' dir='ltr'>causa</span> <span class='ocrx_word' id='word_1_289' title='bbox 837 2081 960 2112; x_wconf 85' lang='lat' dir='ltr'>collatos</span> <span class='ocrx_word' id='word_1_290' title='bbox 978 2087 1037 2107; x_wconf 90' lang='lat' dir='ltr'>non</span> <span class='ocrx_word' id='word_1_291' title='bbox 1055 2074 1203 2105; x_wconf 87' lang='lat' dir='ltr'>adhibitus</span> <span class='ocrx_word' id='word_1_292' title='bbox 1226 2074 1269 2099; x_wconf 78' lang='lat' dir='ltr'>est</span> <span class='ocrx_word' id='word_1_293' title='bbox 1293 2066 1349 2096; x_wconf 89' lang='lat' dir='ltr'>nisi</span> 
     </span>
     <span class='ocr_line' id='line_1_32' title="bbox 294 2118 1352 2177; baseline -0.029 1"><span class='ocrx_word' id='word_1_294' title='bbox 294 2148 345 2177; x_wconf 93' lang='lat' dir='ltr'>ubi</span> <span class='ocrx_word' id='word_1_295' title='bbox 376 2145 452 2175; x_wconf 85' lang='lat' dir='ltr'>foliis</span> <span class='ocrx_word' id='word_1_296' title='bbox 483 2141 606 2173; x_wconf 84' lang='lat' dir='ltr'>exsectis</span> <span class='ocrx_word' id='word_1_297' title='bbox 627 2137 902 2177; x_wconf 76' lang='lat' dir='ltr'>Angelomontanus</span> <span class='ocrx_word' id='word_1_298' title='bbox 931 2129 1026 2160; x_wconf 82' lang='lat' dir='ltr'>delicit</span> <span class='ocrx_word' id='word_1_299' title='bbox 1051 2137 1078 2166; x_wconf 88' lang='lat' dir='ltr'>p.</span> <span class='ocrx_word' id='word_1_300' title='bbox 1103 2126 1152 2160; x_wconf 73' lang='lat'>60,</span> <span class='ocrx_word' id='word_1_301' title='bbox 1176 2120 1312 2154; x_wconf 78' lang='lat' dir='ltr'><strong>20—G3‚</strong></span> <span class='ocrx_word' id='word_1_302' title='bbox 1332 2118 1352 2147; x_wconf 78' lang='lat'><strong>2</strong></span> 
     </span>
     <span class='ocr_line' id='line_1_33' title="bbox 296 2180 1083 2237; baseline -0.029 -8"><span class='ocrx_word' id='word_1_303' title='bbox 296 2203 325 2228; x_wconf 78' lang='lat' dir='ltr'>et</span> <span class='ocrx_word' id='word_1_304' title='bbox 347 2208 375 2237; x_wconf 89' lang='lat' dir='ltr'>p.</span> <span class='ocrx_word' id='word_1_305' title='bbox 395 2197 465 2231; x_wconf 76' lang='lat'><strong>163,</strong></span> <span class='ocrx_word' id='word_1_306' title='bbox 484 2193 640 2230; x_wconf 78' lang='lat'><strong>10—166,</strong></span> <span class='ocrx_word' id='word_1_307' title='bbox 659 2191 677 2220; x_wconf 84' lang='lat'>5</span> <span class='ocrx_word' id='word_1_308' title='bbox 702 2188 736 2217; x_wconf 78' lang='lat' dir='ltr'>ad</span> <span class='ocrx_word' id='word_1_309' title='bbox 760 2187 870 2216; x_wconf 89' lang='lat' dir='ltr'>hiatum</span> <span class='ocrx_word' id='word_1_310' title='bbox 894 2180 1083 2221; x_wconf 81' lang='lat' dir='ltr'>explendum.</span> 
     </span>
    </p>
   </div>
  </div>
 </body>
</html>
