1706 2446
822 115 882 144 142

228 214 316 245 fuerit
343 220 479 251 egressus
508 208 640 247 quinque
671 205 764 235 ulnas.
809 203 866 232 iam
898 201 968 231 illud
992 199 1086 238 palam
1110 201 1170 232 est,
1194 195 1272 234 quod
1295 194 1375 224 solus
1397 202 1431 223 ex
1468 197 1480 222 1
1503 201 1547 221 ri„

228 264 364 295 amnibus
381 262 476 292 nullas
493 259 606 298 expiret
621 265 717 287 auras.
749 254 760 294 ss
777 253 901 284 dicionis
917 250 1077 290 Aegyptiae
1093 258 1156 278 esse
1172 247 1276 285 incipit
1292 255 1306 275 a
1323 246 1429 285 Syene,
1465 249 1479 273 2
1500 253 1543 272 PL.
1561 244 1589 277 5,
1607 243 1646 273 59

231 317 260 345 in
296 322 352 353 qua
387 313 461 342 fines
487 310 679 348 Aethiopum,
713 311 742 336 et
775 305 844 335 inde
872 312 968 342 usque
994 301 1063 331 dum
1091 299 1162 329 mari
1189 298 1350 333 intimatur,
1376 295 1432 325 Nili
1468 300 1481 323 3
1535 287 1574 321 0f·
1592 285 1632 316 53

231 375 341 396 nomen
359 368 449 394 tenet.
1471 350 1485 374 4
1694 371 1697 373 ,

92 420 142 457 32,
169 423 205 453 17
316 416 325 456 ll
347 416 428 445 Inter
452 413 550 443 omnia
574 420 648 450 quae
672 410 822 448 Aegyptus
852 406 940 436 habet
970 405 1057 443 digna
1085 405 1249 432 memoratu
1272 398 1431 438 praecipue
1466 402 1480 425 5
1501 404 1545 424 PL.
1561 394 1591 429 8,
1609 388 1702 424 184

233 469 337 499 bovem
355 468 511 497 mirantur:
530 462 616 501 Apim
633 465 748 490 vocant.
787 459 867 488 hunc
883 458 919 487 ad
943 457 1036 486 instar
1057 453 1160 483 colunt
1182 450 1321 485 numinis,
1345 448 1436 486 111518-
1472 452 1487 476 6
1690 430 1706 474 ἱ

236 529 304 550 nem
327 519 410 549 albae
434 521 520 547 notae
545 513 674 548 macula,
705 520 779 550 quae
808 510 929 539 dextero
952 506 1035 537 lateri
1059 505 1121 534 eius
1147 502 1278 542 ingenita
1302 499 1439 530 cornicu-
1475 503 1489 526 7
1695 482 1706 497 ἦ

173 575 210 606 18
235 570 323 601 lautis
345 570 432 599 lunae
457 568 546 597 refert
569 565 682 595 faciem.
721 566 861 593 statutum
878 559 939 589 aevi
962 557 1088 596 spatium
1105 559 1157 591 est,
1182 553 1260 592 quod
1283 556 1316 581 ut
1339 550 1440 585 adfuit,
1476 553 1491 578 8

236 620 386 662 profundo
403 619 478 649 sacri
496 617 586 647 sontis
609 616 756 645 inmersus
780 616 910 645 necatur,
935 619 972 639 ne
997 608 1073 638 diem
1096 606 1214 644 longius
1237 603 1331 634 trahat
1354 609 1441 640 quam
1477 605 1492 629 9

239 672 348 702 licebit.
386 680 454 700 mox
476 669 549 698 alter
571 676 626 697 nec
651 666 714 695 sine
741 663 860 703 publico
883 662 964 691 luctu
987 658 1157 697 requiritur,
1181 664 1268 694 quem
1291 657 1443 692 repertum
1466 655 1493 680 10

240 728 358 754 centum
382 721 527 751 antistites
550 717 709 756 Memphim
732 717 973 754 prosequuntur,
1003 715 1035 739 ut
1065 708 1186 746 incipiat
1208 706 1247 735 ibi
1271 704 1362 734 sacris
1385 703 1443 732 ini-
1466 706 1493 730 11
1676 722 1678 724 .

179 781 215 809 19
239 776 327 805 tiatus
350 782 431 803 sacer
456 771 527 801 [ieri.
559 769 570 809 11
588 767 709 799 delubra
734 766 840 805 quibus
863 763 994 794 succedit
1016 764 1066 790 aut
1087 758 1210 788 incubat
1232 755 1353 794 mystice
1376 753 1439 782 tha·
1462 756 1490 780 12
1511 760 1554 780 PL.
1571 750 1599 785 8,
1618 749 1679 779 185

240 827 332 856 1311105
350 825 513 854 nominant.
552 822 600 851 dat
617 819 714 849 omina
738 814 955 847 manifestantia
979 813 1015 842 de
1038 810 1159 841 futuris:
1184 807 1254 838 illud
1280 805 1445 837 maximum,
1469 807 1497 831 13

243 878 265 907 si
294 877 329 906 de
359 874 542 906 consulentis
570 880 659 901 manu
687 869 785 899 cibum
810 867 914 905 capiat.
959 863 1087 901 denique
1110 864 1258 889 aversatus
1282 854 1446 886 Germanici
1470 858 1497 883 14

244 927 376 959 Caesaris
391 927 540 956 dexteram
558 922 687 963 prodidit
703 918 880 958 ingruentia,
899 925 954 946 nec
976 914 1067 943 multo
1091 915 1158 951 post
1174 910 1279 939 Caesar
1301 907 1447 937 extinctus
1470 910 1497 933 15

183 984 222 1013 20
247 984 300 1010 est.
339 977 422 1017 pueri
440 977 525 1015 Apim
542 973 684 1014 gregatim
701 974 868 1009 sequuntur
891 973 920 997 et
942 970 1064 1005 repente
1086 963 1165 992 velut
1187 958 1355 1000 lymphatici
1379 966 1449 986 veu-
1472 960 1500 984 16

247 1036 312 1060 tura
335 1029 521 1069 praecinunt.
562 1024 573 1065 {l
597 1026 650 1054 bos
673 1023 712 1052 illi
737 1020 902 1051 ostenditur
925 1017 1032 1048 semina
1055 1015 1084 1044 in
1109 1022 1187 1043 anno
1211 1010 1311 1045 semel⁷
1335 1013 1364 1039 et
1386 1009 1448 1047 ipsa
1470 1011 1497 1036 17
1518 1015 1562 1035 PL.
1579 1005 1607 1041 8,
1628 1002 1688 1035 186

249 1091 310 1112 non
326 1081 436 1119 absque
452 1078 540 1108 certis
556 1074 732 1115 insignibus,
755 1081 830 1111 quae
853 1076 940 1109 atque
963 1069 1081 1097 inventa
1105 1069 1134 1094 et
1157 1063 1252 1092 oblata
1275 1065 1328 1095 est,
1352 1058 1451 1089 eadem
1475 1061 1502 1086 18

185 1137 222 1166 21
249 1133 295 1162 die
311 1132 376 1162 neci
395 1131 488 1160 datur.
528 1128 598 1167 Apis
615 1126 740 1156 natalem
757 1122 914 1162 Memphici
930 1119 1080 1149 celebrant
1097 1117 1174 1146 iactu
1198 1118 1316 1153 paterae
1338 1118 1452 1144 aureae,
1476 1113 1503 1137 19

251 1193 337 1223 quam
368 1181 519 1222 proiciunt
547 1180 577 1209 in
601 1178 657 1208 Nili
680 1180 786 1207 statum
815 1172 970 1213 gurgitem.
1014 1170 1086 1198 haec
1110 1165 1290 1197 sollemnitas
1312 1171 1366 1201 per
1388 1169 1455 1199 sep·
1477 1164 1505 1188 20

337 1256 443 1284 RCNH
458 1253 585 1285 LMGtB)
605 1252 677 1278 SAP

339 1308 361 1326 v.
382 1302 396 1325 5
419 1299 489 1324 inter
513 1296 643 1323 001013-
657 1296 687 1320 14
708 1293 796 1319 cibum
821 1289 911 1323 capiat
933 1287 1059 1321 referunt
1084 1287 1136 1310 tam
1156 1278 1375 1316 mytleoqraphus
1400 1276 1507 1303 Vatica-

254 1350 305 1369 nus
326 1342 435 1377 primus
458 1348 480 1367 ο.
500 1341 531 1364 ’19
558 1345 638 1372 quam
662 1335 767 1362 scholia
789 1332 897 1359 novicia
922 1330 958 1356 ad
981 1328 1084 1354 Lucan.
1103 1328 1127 1358 8,
1147 1326 1196 1350 479
1301 1330 1323 1348 v.
1343 1323 1357 1346 ὃ
1382 1319 1462 1352 Apim
1477 1332 1508 1336 —-

257 1388 286 1411 17
307 1392 377 1411 30οο
397 1383 479 1409 semel
497 1380 652 1416 compilavit
672 1377 796 1404 Isidorus
809 1378 833 1406 8,
849 1377 888 1407 11,
903 1375 946 1405 863
966 1370 1066 1398 similia
1085 1368 1243 1395 Ammianus
1261 1367 1301 1395 22,
1318 1365 1356 1394 14,
1372 1365 1394 1387 Τ.
1409 1364 1424 1387 8

255 1436 277 1454 υ.
294 1430 325 1454 19
343 1427 411 1461 Apis
423 1442 451 1444 —
467 1427 522 1456 143,
537 1426 551 1450 2
570 1423 684 1449 habent:
704 1419 804 1446 similia
823 1416 981 1444 Atmnz'amts
994 1415 1035 1444 22,
1050 1414 1089 1440 15,
1107 1413 1145 1436 17.

347 1499 355 1521 1
384 1495 472 1524 ulnas]
495 1491 580 1518 uellas
600 1489 631 1516 M
732 1486 804 1521 quod
827 1485 901 1512 solus
915 1504 921 1510 .
937 1504 942 1509 .
958 1503 964 1509 .
978 1484 993 1507 2
1012 1479 1115 1514 expiret
1134 1478 1224 1507 auras]
1244 1475 1315 1508 quod
1333 1472 1406 1499 solus
1424 1470 1512 1497 nullas

258 1539 383 1572 expirare
402 1535 546 1569 (expsirare
566 1534 599 1565 Α)
618 1539 699 1558 auras
718 1525 756 1557 ex*
769 1536 839 1556 amn.
859 1525 993 1553 uniuersis
1013 1523 1071 1554 SA,
1090 1521 1176 1547 solum
1194 1518 1268 1544 illum
1287 1515 1374 1542 nullas
1393 1513 1514 1548 expirare

259 1588 340 1608 auras
359 1588 391 1605 ex
410 1586 479 1605 amn.
499 1575 633 1603 uniuersis
653 1574 688 1600 P¹
790 1573 804 1597 2
823 1578 839 1596 a
858 1571 947 1603 syene]
966 1566 1099 1593 amsienae
1118 1565 1147 1590 H
1243 1562 1257 1586 3
1277 1565 1344 1593 quas
1362 1556 1392 1584 M
1489 1555 1515 1580 et

259 1633 309 1651 om.
329 1621 432 1650 RCNH
504 1619 580 1650 mari]
604 1624 699 1644 maron
717 1615 761 1642 SA
831 1613 967 1639 intimatas
987 1611 1014 1636 H
1083 1609 1097 1633 5
1123 1606 1250 1639 aegyptos
1269 1601 1295 1628 P
1362 1602 1377 1626 6
1400 1598 1463 1632 apin
1482 1599 1516 1627 H,

260 1674 338 1701 quem
356 1664 428 1699 apim
448 1662 504 1689 (ΡΑ
574 1661 656 1692 hunc]
674 1660 726 1685 hac
745 1657 797 1688 Ma,
817 1656 887 1682 113110
905 1653 947 1680 Ml*
1017 1649 1131 1677 nominis
1149 1648 1180 1675 M
1249 1648 1262 1671 ἵ
1282 1646 1338 1671 not.
1358 1642 1411 1668 alb.
1430 1640 1454 1667 A

262 1710 356 1736 dextro
386 1707 459 1733 HSA
568 1700 799 1730 corniculantibus
826 1700 866 1726 H:
894 1694 1078 1723 corniculatae
1104 1690 1188 1726 myth.
1216 1693 1242 1715 et
1268 1685 1351 1715 schol.
1382 1683 1445 1710 Luc.

263 1756 277 1778 8
290 1752 372 1778 refret
381 1750 405 1776 Α
452 1745 593 1779 statutum]
605 1746 703 1771 statum
712 1741 811 1773 LMP1,
822 1741 937 1767 estatum
950 1738 985 1763 G.-
999 1735 1115 1770 spatium
1126 1730 1317 1766 praestitutum
1325 1726 1484 1754 Ammianus

262 1797 293 1821 ut
306 1802 357 1820 om.
369 1792 423 1819 MA
471 1790 588 1824 spetium
598 1787 625 1813 N
671 1789 685 1812 9
699 1787 842 1811 inmersum
856 1782 886 1809 M
933 1787 982 1806 000
996 1778 1020 1805 R
1069 1779 1099 1803 10
1112 1775 1196 1805 luctu]
1210 1772 1274 1798 fletu
1288 1773 1315 1798 H
1363 1771 1390 1795 11
1407 1767 1518 1794 antistes

264 1836 314 1864 RG
383 1832 497 1860 memfim
511 1829 641 1861 RCHSA,
660 1827 768 1854 memfin
782 1824 870 1856 LMG,
889 1822 986 1849 menfin
1004 1820 1036 1846 Ρ
1097 1816 1180 1844 530115
1199 1814 1236 1841 ibi
1252 1814 1276 1840 Α
1349 1813 1379 1837 12
1398 1809 1518 1840 delubra]

264 1881 337 1906 tecta
355 1877 391 1903 Ρ2
497 1876 527 1900 13
546 1872 644 1903 omina]
663 1868 793 1899 RCWH,
817 1866 907 1894 omnia
921 1863 1062 1899 plerique,
1080 1861 1133 1886 ino.
1154 1858 1198 1885 0¹:
1221 1856 1254 1882 de
1272 1854 1370 1881 futuris
1390 1851 1520 1886 quaedam

266 1920 410 1948 manifesta
429 1918 504 1950 sigua
523 1915 648 1942 Isidorus
657 1923 665 1944 ‚-
684 1913 760 1945 signa,
778 1917 868 1936 rerum
885 1908 1037 1934 futurarum
1055 1901 1213 1929 Ammianus
1263 1896 1407 1924 manifesta
1426 1894 1471 1920 SA

267 1963 381 1990 maxime
394 1961 439 1987 SA
513 1961 542 1984 14
561 1958 702 1983 auersutus
716 1957 752 1985 H,
771 1954 895 1979 uersatus
908 1948 939 1976 M
1007 1944 1126 1980 germani
1139 1943 1177 1970 Ra
1250 1943 1279 1966 15
1299 1947 1366 1966 caes.
1386 1938 1522 1964 dexteram

268 2007 402 2037 (dextram
421 2002 466 2035 N)]
492 2001 516 2027 (l.
538 2008 560 2027 c.
581 2000 601 2025 S
697 1997 809 2024 multum
827 1991 933 2020 LMGP
1032 1985 1176 2027 extinctus]
1196 1983 1285 2010 extinc
1303 1982 1328 2008 R
1435 1980 1464 2005 16
1483 1980 1523 2004 est

269 2058 319 2076 om.
340 2048 385 2074 SA
473 2044 536 2078 apin
556 2046 583 2070 H
672 2044 699 2067 17
720 2040 779 2070 bos]
797 2045 848 2071 pus
867 2035 900 2062 M
989 2034 1017 2058 18
1037 2029 1118 2057 certis
1136 2027 1295 2060 insignibus]
1313 2022 1424 2050 incertis
1442 2021 1523 2054 signi-

270 2094 321 2119 bus
340 2091 374 2119 R,
393 2088 503 2116 incertis
521 2085 669 2118 insignibus
689 2082 766 2109 CNH
868 2079 958 2111 atque]
977 2082 1029 2109 qua
1049 2074 1070 2099 Α
1179 2072 1209 2096 19
1228 2066 1378 2094 naturalem
1397 2067 1424 2092 H

270 2133 424 2167 memphici]
441 2129 535 2160 LMG,
562 2126 677 2153 memfici
694 2124 825 2154 RCNSAft,
844 2119 961 2153 memphi
982 2117 1012 2149 P,
1031 2114 1119 2142 memfi
1139 2116 1173 2143 H,
1193 2112 1220 2138 Ιιί
1239 2118 1298 2137 oum
1319 2108 1410 2135 Plinio
1430 2109 1454 2133 ec
1472 2105 1525 2132 Isi-

273 2178 341 2204 doro
411 2175 495 2204 iactu]
508 2171 582 2198 nacti
594 2172 622 2198 H
691 2176 749 2194 aur.
766 2169 822 2200 pat.
836 2163 909 2191 SAP
976 2162 1007 2187 20
1026 2157 1160 2193 proicium
1173 2154 1193 2181 S
1262 2152 1371 2183 statum]
1386 2146 1527 2178 NLMGP,

273 2222 403 2248 statutum
425 2218 452 2248 C,
472 2215 562 2242 statim
582 2217 616 2244 H,
635 2213 740 2238 tantum
759 2210 792 2239 R,
811 2210 883 2235 statu
903 2205 947 2232 SA
1035 2200 1138 2235 gurgite
1158 2200 1207 2226 HA
