1593 2409
299 177 458 205 PLINIVS:

185 232 246 258 inde
265 230 387 257 nubilum
405 228 476 254 trahi
495 228 567 253 colo-

185 281 241 300 rem
254 275 301 299 aut
313 279 362 306 pro
376 270 500 297 claritate
514 277 569 295 ma-

184 316 271 342 tutina
290 321 420 341 serenum.

188 493 210 519 si
240 491 397 525 tempestive
428 490 570 520 satientur,

187 534 364 569 grandescere
382 536 409 559 et
426 535 531 566 partus.

186 628 209 654 si
220 628 347 661 fulguret,
361 625 499 659 comprimi
508 633 570 651 con-

188 670 253 696 chas
271 677 303 696 ac
322 677 370 702 pro
390 668 480 694 ieiunii
493 667 572 693 modo

189 713 280 743 minui,
291 712 313 738 si
323 719 384 738 vero
392 711 471 737 etiam
477 712 573 736 tonue-

191 756 239 788 rit,
268 754 378 788 pavidas
407 760 440 779 ac
465 755 574 786 repente

191 805 359 832 compressas
386 803 455 829 quae
479 797 576 821 vocant

191 841 350 874 physemata
359 838 475 869 efficere,
487 837 576 870 specie

192 883 271 909 modo
293 881 368 908 inani
391 880 499 907 inflatas
518 880 577 905 sine

193 932 319 958 corpore:
349 924 398 950 hos
427 930 487 949 esse
512 930 575 949 con-

193 968 303 994 charum
322 967 443 993 abortus‘

310 1045 374 1077 post
392 1041 465 1067 alia:

194 1094 297 1121 concha
315 1094 374 1128 ipsa
393 1099 453 1118 cum
469 1099 577 1118 manum

194 1137 261 1162 vidit
284 1135 436 1169 comprimit
454 1142 514 1160 sese
530 1154 536 1159 .
552 1154 576 1160 ..

194 1200 200 1206 .
217 1199 223 1205 .
239 1199 244 1204 .
258 1179 328 1204 inter
347 1177 473 1210 scopulos
492 1177 578 1202 maior

193 1229 256 1255 pars
266 1221 406 1251 invenitur,
417 1220 443 1246 in
450 1220 503 1245 alto
513 1227 577 1252 quo-

194 1271 245 1296 que
275 1263 438 1289 comitantur
467 1261 577 1287 marinis

195 1304 316 1331 canibus.

311 1469 375 1500 post
393 1465 462 1491 alia:

196 1516 223 1543 in
235 1516 375 1542 Britannia
389 1523 487 1550 parvos
500 1518 580 1549 atque

195 1559 333 1586 decolores
366 1559 442 1585 nasci
478 1560 581 1584 certum

195 1605 244 1629 est.

775 89 853 115 XXII

696 173 904 201 AMMIANVS:

595 225 666 259 quod
685 226 780 259 guttae
794 223 918 250 matutini
936 223 1004 249 roris

595 268 689 295 iisdem
708 267 814 294 infusae
839 266 926 292 claros
947 264 1004 291 effi—

597 311 671 337 ciunt
699 310 806 343 lapillos
840 310 866 335 et
898 310 1005 340 teretes,

597 352 742 386 vespertini
772 359 833 377 vero
869 351 1005 376 flexuosos

597 398 690 422 contra
709 397 736 420 et
754 393 850 420 rutilos
869 395 896 419 et
914 400 1006 418 macu-

595 438 668 464 losos
686 436 829 463 interdum.

597 489 706 514 minima
731 489 820 513 autem
842 487 885 513 vel
910 493 1006 519 magna

597 539 647 564 pro
666 530 796 564 qualitate
810 530 957 556 haustuum
972 529 1005 554 fi-

598 575 731 606 gurantur
756 572 864 599 casibus
888 571 1005 597 variatis.

600 624 745 650 conclusae
769 630 832 649 vero
851 622 1007 655 saepissime

599 668 672 692 metu
690 665 825 699 fulgurum
847 665 1008 690 inanescunt

601 710 649 735 aut
659 708 756 735 debilia
764 708 872 742 pariunt
878 709 926 733 aut
936 708 1008 732 certe

601 752 672 778 vitiis
691 751 823 777 diffluunt
841 749 978 776 abortivis.

605 1092 733 1123 capturas
748 1092 838 1115 autem
852 1088 975 1115 difficiles
988 1108 993 1114 .
1006 1109 1012 1114 .

606 1154 612 1159 .
625 1153 630 1158 .
642 1133 688 1159 illa
698 1132 782 1158 efficit
791 1131 868 1162 ratio,
880 1130 950 1164 quod
959 1130 1012 1156 fre-

605 1174 730 1208 quentari
748 1177 826 1200 sueta
839 1174 919 1200 litora
932 1180 1012 1206 prop-

605 1221 646 1243 ter
664 1216 824 1251 piscantium
842 1216 953 1242 insidias
966 1215 1012 1241 de-

605 1259 745 1289 clinantes,
764 1260 795 1285 ut
813 1258 920 1291 quidam
941 1257 1012 1283 coni-

604 1302 687 1331 ciunt,
701 1302 773 1327 circa
783 1301 874 1327 devios
884 1300 1012 1333 scopulos

603 1346 631 1370 et
641 1344 804 1370 marinorum
811 1351 908 1369 canum
919 1350 1011 1375 recep-

605 1387 696 1412 tacula
715 1386 885 1412 delitescunt.

607 1514 679 1548 quod
691 1521 776 1547 genus
795 1519 914 1546 gemmae
932 1511 1014 1538 etiam

608 1558 635 1583 in
676 1556 824 1582 Britannici
865 1554 1015 1581 secessibus

608 1599 688 1626 maris
714 1599 786 1632 gigni
810 1597 929 1630 legique,
953 1596 1016 1622 licet

587 1667 590 1668 γ
607 1642 736 1675 dignitate
749 1640 858 1674 dispari,
874 1647 928 1666 non
941 1639 1015 1672 igno-

606 1691 703 1711 ramus.

1153 170 1320 198 SOLINVS:

1031 221 1144 254 denique
1163 222 1286 254 quotiens
1304 221 1441 255 excipiunt

1031 263 1155 290 matutini
1184 264 1255 290 aeris
1279 272 1381 295 semen,
1410 263 1440 289 fit

1033 306 1131 332 clarior
1143 307 1298 338 margarita,
1316 306 1439 339 quotiens

1033 355 1151 382 vespere,
1171 347 1202 374 fit
1220 348 1361 374 obscurior

1034 486 1188 518 quantoque
1207 483 1290 516 magis
1311 483 1441 515 hauserit,

1033 529 1109 554 tanto
1133 527 1217 559 magis
1242 526 1349 560 proficit
1373 525 1441 559 lapi-

1033 569 1095 595 dum
1114 569 1279 602 magnitudo.

1033 621 1057 646 si
1074 623 1185 654 repente
1198 619 1336 646 micaverit
1348 625 1442 645 corus-

1035 663 1119 694 catio,
1153 662 1340 695 intempestivo
1370 662 1443 687 metu

1035 705 1248 739 comprimuntur
1282 704 1444 736 clausaeque

1035 748 1125 774 subita
1143 747 1285 773 formidine
1297 746 1362 772 vitia
1379 753 1443 772 con-

1037 790 1147 816 trahunt
1160 789 1291 821 abortiva,
1308 791 1355 814 aut
1373 787 1444 813 enim

1036 831 1192 865 perparvuli
1197 831 1266 857 fiunt
1273 830 1393 864 scrupuli
1398 833 1444 856 aut

1037 881 1138 900 inanes.

1160 1037 1228 1068 post
1246 1034 1316 1061 alia.-

1038 1212 1201 1247 piscantium
1222 1212 1333 1238 insidias
1351 1211 1448 1237 timent

1039 1255 1172 1281 conchae:
1193 1254 1264 1281 unde
1283 1257 1334 1287 est,
1352 1256 1382 1280 ut
1400 1256 1448 1280 aut

1038 1298 1109 1323 inter
1119 1297 1245 1330 scopulos
1256 1299 1304 1323 aut
1312 1297 1382 1322 inter
1391 1303 1447 1322 ma-

1039 1341 1112 1366 rinos
1132 1347 1212 1366 canes
1224 1339 1368 1373 plurimum
1382 1338 1446 1364 deli-

1039 1385 1154 1410 tescant.

1162 1462 1227 1494 post
1246 1458 1317 1484 alia:

1042 1511 1088 1537 dat
1101 1513 1127 1537 et
1137 1511 1213 1537 India.
1225 1509 1390 1542 margaritas,
1404 1507 1450 1534 dat

1042 1556 1070 1580 et
1088 1554 1150 1580 litus
1170 1552 1363 1580 Britannicum.

197 1748 290 1777 Etiam
314 1747 350 1777 de
374 1748 438 1777 Nilo
474 1746 615 1776 mirabilia
646 1745 722 1784 apud
753 1749 912 1781 utrumque
941 1742 1030 1771 relata
1061 1743 1166 1780 (Amin.
1183 1742 1239 1776 22,
1258 1742 1312 1775 15,
1331 1739 1450 1775 3-13;

198 1799 290 1829 Solin.
305 1800 354 1833 32,
376 1798 488 1832 1-—16)
512 1798 561 1836 qui
586 1797 663 1826 inter
687 1805 718 1825 se
741 1794 911 1828 contulerit,
936 1794 1003 1822 item
1031 1792 1160 1831 reperiet
1182 1791 1312 1830 pendere
1337 1795 1450 1819 utrum-

197 1860 254 1889 que
278 1859 292 1879 a
318 1849 428 1885 Plinio,
461 1848 511 1878 sed
535 1848 589 1883 im,
620 1852 652 1877 ut
675 1846 846 1876 Ammianus
870 1844 973 1874 habeat
1004 1852 1019 1872 a
1044 1843 1146 1872 Solino
1169 1841 1390 1882 praetermissa,
1420 1845 1452 1870 ut

197 1901 379 1930 mentionem
404 1900 560 1929 etesiarum
584 1899 690 1936 (Amm.
710 1899 727 1934 ξ
745 1899 761 1928 7
780 1911 820 1921 --
837 1895 878 1925 Pl.
897 1897 924 1930 5,
943 1893 1005 1932 54),
1030 1894 1149 1924 nomina
1173 1897 1285 1933 septem
1309 1892 1450 1922 ostiorum

198 1953 305 1989 (Amm.
328 1953 346 1988 ξ
366 1953 401 1981 10
417 1965 458 1975 =
475 1950 516 1980 Pl.
535 1952 570 1985 5,
588 1952 655 1988 64),
685 1948 813 1986 denique
836 1946 933 1975 Nilum
965 1955 1024 1975 non
1049 1945 1155 1983 fluere,
1185 1944 1235 1975 sed
1258 1953 1342 1974 ruere
1366 1943 1452 1972 Plinii

197 2005 215 2040 ξ
238 2005 278 2034 54
301 2003 422 2032 totidem
447 2000 543 2030 verbis
572 2005 706 2039 repetere
730 1998 916 2028 Ammiauum
940 1998 958 2034 ξ
981 1997 1015 2032 9,
1047 2006 1115 2026 cum
1137 1996 1214 2035 apud
1238 1995 1371 2025 Solinum
1395 1996 1412 2031 ξ
1433 1996 1449 2024 7

198 2055 235 2083 sit
261 2063 345 2083 ruere
368 2053 464 2082 Nilum
489 2052 586 2090 potius
610 2060 697 2089 quam
720 2057 849 2080 manare.
894 2049 931 2078 cs.
956 2049 1024 2077 item
1049 2049 1143 2077 Amm.
1167 2049 1184 2083 ξ
1210 2047 1264 2082 12,
1294 2046 1336 2075 Pl.
1361 2047 1378 2083 ξ
1403 2046 1452 2080 57,

201 2105 260 2135 Sol.
287 2106 378 2143 §12.
404 2105 452 2135 13.
499 2112 553 2132 nec
588 2111 672 2131 rarus
706 2107 750 2131 est
781 2100 924 2131 eiusmodi
959 2108 1122 2129 consensus
1155 2098 1233 2127 inter
1266 2097 1451 2126 Ammianum

199 2160 227 2185 et
256 2156 389 2186 Solinum
419 2155 505 2184 etiam
536 2154 565 2182 in
597 2153 631 2183 iis
668 2162 742 2191 quae
772 2162 832 2182 non
867 2152 954 2182 habet
984 2151 1101 2180 aliterve
1133 2149 1222 2178 habet
1251 2148 1379 2178 Plinius:
1415 2147 1452 2177 ita
