1593 2409
653 341 779 379 OLAS
785 341 860 379 SIS
888 342 1047 379 PRIMA

303 433 408 464 Classis
431 434 543 474 prima,
576 435 659 465 cuius
683 440 833 473 tamquam
865 441 951 465 notae
981 437 1136 474 primariae
1159 442 1228 467 sunt
1252 447 1286 467 ex
1311 447 1368 467 una
1390 444 1473 477 parte

215 484 311 514 hiatus
337 486 458 515 effectus
484 486 590 515 amisso
608 486 677 515 folio
694 487 844 526 archetypi
864 487 1055 526 paenultimo,
1079 488 1114 517 ab
1131 488 1220 517 altera
1236 494 1318 527 parte
1334 489 1473 519 immuni-

214 541 256 565 tas
281 536 404 566 huiusce
431 536 543 566 ordinis
567 537 710 566 librorum
735 537 771 566 ab
796 538 1024 576 interpolatione
1054 539 1195 577 gravioris
1218 540 1375 576 momenti,
1400 541 1475 570 redit

214 587 249 615 ad
273 587 464 626 archetypum
482 589 605 617 fortasse
621 588 763 627 scriptum
780 594 848 618 ante
865 590 1013 619 saeculum
1031 594 1155 619 sextum.
1194 600 1261 619 nam
1278 595 1310 620 ut
1325 591 1474 621 mittamus

214 638 324 668 codicis
347 639 471 669 huiusce
495 639 594 669 classis
618 639 642 669 C
662 649 841 669 consensum
866 640 894 669 in
920 640 1071 670 erroribus
1094 650 1161 670 cum
1186 641 1333 671 Marciano
1358 641 1472 681 Capella

214 688 338 724 mirum⁷
374 689 426 719 sed
456 690 578 719 sortasse
610 699 679 720 casu
705 691 841 720 ellectum
872 691 947 729 (vide
976 691 1051 720 infra
1080 702 1109 730 p.
1134 692 1306 730 LXXXIX),
1344 693 1374 722 ni
1403 693 1475 723 fallit

214 739 297 769 locus
320 741 375 776 46,
396 743 435 771 14
457 740 582 779 (ichnus)
611 741 740 771 Isidorus
764 751 834 771 usus
866 747 909 771 est
932 743 1032 772 codice
1062 753 1077 772 a
1107 743 1205 773 naevis
1234 743 1303 772 huic
1329 743 1472 773 librorum

214 790 309 820 ordini
333 792 462 830 propriis
494 802 555 822 non
589 792 723 821 immuni.
777 793 827 822 sed
852 798 883 822 ut
912 794 947 822 de
972 793 1074 823 Isidori
1098 794 1198 823 codice
1222 794 1374 824 Soliniano
1399 804 1473 833 quae

213 842 288 871 infra
320 843 359 881 (p.
391 842 535 872 LXXXIX
548 844 624 882 seq.)
647 844 797 879 dicentur,
832 844 926 874 adhuc
961 844 1135 874 dubitationi
1159 844 1284 875 obnoxia
1312 850 1398 881 sunt,
1433 846 1473 875 ita

212 898 326 923 certum
342 898 386 923 est
402 894 533 924 codicem
551 894 589 923 ita
613 895 758 929 mutilum,
781 899 813 924 ut
836 895 922 924 modo
947 895 1014 931 dixi,
1038 896 1166 926 extitisse
1190 905 1214 925 a.
1233 897 1304 932 825,
1329 906 1388 934 quo
1405 905 1472 926 eum

213 944 345 973 adhibuit
368 945 474 974 Dicuil.
500 945 568 975 item
594 946 785 984 archetypum
815 950 873 975 tam
904 947 1012 976 codicis
1042 947 1103 976 eius
1127 956 1213 985 quem
1237 947 1370 977 adhibuit
1391 948 1472 976 Ano-

213 1005 319 1035 nymus
347 995 500 1025 Leidensis
524 1005 611 1035 quam
636 997 894 1036 Heidelbergensis
916 998 1058 1036 scriptum
1075 998 1130 1027 fuit
1151 1003 1218 1028 ante
1235 1008 1260 1027 a.
1277 999 1349 1029 850.
1374 1007 1472 1027 exem-

213 1046 302 1085 plaria
319 1056 393 1085 quae
411 1052 512 1076 extant
535 1057 610 1077 saec.
635 1048 660 1077 X
684 1058 744 1077 non
769 1049 924 1078 excedunt.
969 1058 984 1078 a
1009 1048 1094 1079 nobis
1117 1049 1224 1079 selecta
1246 1053 1317 1079 sunt
1338 1049 1428 1078 haec:

420 1097 445 1127 R
471 1113 510 1123 =
535 1099 693 1129 Vaticanus
718 1101 800 1131 3342

418 1149 442 1179 C
469 1164 510 1173 =
537 1150 655 1180 Casinas

417 1200 447 1229 N
471 1215 509 1225 =
541 1201 714 1231 Havniensis
739 1204 801 1232 444

417 1251 439 1279 S
468 1266 506 1275 =
535 1252 736 1290 Sangallcnsis
769 1261 803 1281 ex
834 1252 983 1281 codicibus
1013 1253 1137 1287 duobus,

536 1303 627 1332 altero
656 1303 750 1332 nostri
771 1302 799 1332 N
814 1304 973 1339 simillimo,
998 1313 1084 1342 quem
1108 1304 1136 1332 in

536 1359 618 1392 parte
648 1354 743 1392 prima
774 1355 834 1383 sere
865 1355 898 1383 ad
924 1364 952 1393 p.
971 1356 1009 1385 74
1037 1364 1137 1393 presse

533 1405 678 1443 sequitur,
697 1404 788 1433 altero
807 1405 907 1435 classis
920 1406 1022 1435 tertiae
1036 1412 1137 1435 conta-

531 1456 667 1491 minatus,
685 1460 832 1494 quatenus
845 1457 968 1486 huiusce
978 1457 1076 1486 classis
1085 1462 1137 1487 est.

836 1100 852 1198 }
876 1125 955 1155 ducti
979 1135 1013 1155 ex
1037 1126 1140 1155 eodem
1164 1126 1322 1165 archetypo

414 1507 435 1535 A
463 1520 502 1530 =
529 1507 810 1544 Angelomontanus
832 1508 1002 1546 pracedcnti
1026 1508 1136 1543 similis,
1188 1482 1291 1511 affines

534 1558 584 1586 sed
604 1558 834 1597 interpolatione
855 1558 979 1588 ulterius
999 1564 1136 1596 grassata.

397 1605 445 1635 *H
466 1621 505 1631 =
533 1607 797 1647 Heidelbergensis
823 1613 851 1638 et
874 1610 1047 1648 Anonymus
1072 1610 1137 1639 Lei-

540 1658 638 1688 densis
667 1660 897 1689 consentientes.

417 1708 447 1738 H
467 1723 508 1733 =
536 1709 797 1748 Heidelbergensis
823 1710 872 1740 ubi
889 1711 986 1740 Anon.
1011 1710 1136 1740 Leiden-

535 1760 574 1790 sis
597 1760 704 1789 deficit.

415 1809 584 1840 Dicm'liaua
601 1817 743 1851 eoecerpta.
782 1813 805 1840 A
824 1812 937 1841 Dicuilo
954 1812 1076 1841 huiusce
1100 1812 1199 1841 6135515
1217 1811 1364 1850 exemplar
1386 1812 1468 1841 adhi-

527 1861 619 1891 bitum
651 1872 714 1892 esse
745 1867 863 1901 praeter
896 1863 1004 1892 hiatum
1036 1872 1124 1901 supra
1152 1863 1261 1892 dictum
1285 1862 1468 1901 aliorumque

527 1922 662 1942 errorum
677 1913 915 1951 gravissimorum
929 1914 1179 1949 communionem,
1193 1913 1229 1942 de
1242 1922 1297 1951 qua
1310 1922 1377 1942 mox
1389 1913 1467 1943 dice-

528 1968 585 1999 tur,
611 1964 679 1993 inde
704 1963 838 1999 efficitur,
865 1964 943 2002 quod
968 1964 1023 1993 loci
1047 1964 1076 1994 in
1100 1964 1229 1993 auctario
1252 1973 1280 2002 p.
1298 1964 1464 1996 217—221

526 2015 681 2054 compositi
700 2015 799 2044 omissi
816 2014 844 2043 in
870 2015 962 2045 classe
985 2016 1049 2051 hac,
1073 2015 1183 2053 recepti
1207 2019 1304 2044 autem
1328 2024 1361 2044 ex
1385 2020 1467 2054 parte

525 2065 554 2094 in
572 2065 694 2095 classem
708 2065 878 2100 secundam,
895 2066 982 2104 plene
999 2066 1028 2095 in
1046 2066 1170 2101 tertiam,
1188 2065 1282 2095 Dicuil
1298 2074 1359 2094 non
1376 2066 1466 2095 novit.

526 2121 605 2145 certe
629 2117 755 2146 afferens
779 2117 877 2146 locum
903 2118 973 2152 100,
992 2118 1030 2147 12
1047 2117 1154 2146 omittit
1175 2125 1249 2154 quae
1271 2115 1467 2155 interponunt

525 2166 590 2196 libri
615 2167 654 2196 illi
678 2168 713 2197 de
738 2168 859 2198 navibus
883 2167 1030 2204 vimineis;
1063 2168 1131 2197 item
1162 2168 1185 2197 51
1210 2166 1292 2206 copia
1315 2167 1341 2196 ei
1364 2167 1467 2197 fuisset

1584 670 1593 866 efflav-
