1706 2446
767 89 807 117 89

0 197 30 217 ιι,
48 188 75 221 4,
93 187 133 218 90
174 188 186 212 1
210 191 275 216 ron,
301 190 387 219 quem
413 181 487 210 ultra
510 178 679 217 aquilonem
703 177 863 216 accipimus
887 175 992 204 iacere.
1023 183 1096 213 gens
1112 172 1288 202 beatissima.
1328 169 1339 211 ss
1356 179 1419 199 eam
1444 165 1494 203 16,
1517 167 1536 196 2

176 240 189 263 2
213 234 296 264 Asiae
321 232 438 271 quidam
462 230 555 269 magis
586 238 673 268 quam
697 228 833 267 Europae
856 227 1011 256 dederunt.
1057 225 1103 254 alii
1132 228 1266 254 statuunt
1295 222 1419 251 mediam

174 291 188 315 3
211 285 289 315 inter
306 289 464 322 utrumque
481 282 580 317 solem,
606 279 778 319 antipodum
795 279 980 308 occidentem
1000 281 1029 306 et
1046 281 1180 305 nostrum
1198 278 1419 304 renascentem:

175 343 189 366 4
213 337 290 375 quod
316 339 491 374 aspernatur
513 333 586 363 ratio
610 337 668 361 tarn
692 335 771 360 vasto
795 329 868 359 mari
893 329 967 358 duos
991 327 1078 357 orbes
1102 326 1300 356 interfluente.
1349 329 1420 354 sunt

0 1169 38 1189 PL.

29 802 140 837 ,4,90

57 1161 84 1193 6,
102 1159 142 1189 34

0 403 4 413 ¹
27 393 79 426 ,4,
99 392 138 423 89
175 394 189 418 5
213 388 302 427 igitur
329 387 358 416 in
383 386 510 424 Europa.
561 383 572 424 ss
589 383 665 422 apud
690 391 765 420 quos
797 380 899 410 mundi
923 379 1058 409 cardines
1082 388 1145 407 esse
1169 377 1295 406 credunt
1318 381 1347 405 et
1370 385 1420 404 ex·
1445 374 1463 404 3

178 446 192 469 6
214 440 302 469 timos
324 437 452 468 siderum
477 435 618 469 ambitus,
649 437 841 463 semenstrem
866 432 971 466 lucem,
995 438 1129 459 aversum
1154 438 1212 457 una
1235 432 1350 456 tautum
1375 426 1422 456 die

177 497 190 519 7
213 490 320 520 solem:
339 496 516 527 quamquam
533 486 660 516 existant
683 484 732 523 qui
756 488 864 523 putent
880 492 941 512 non
959 481 1065 511 cotidie
1089 480 1128 509 ibi
1145 480 1247 514 solem,
1272 483 1303 507 ut
1326 478 1421 513 nobis,

178 547 191 571 δ
215 541 264 571 sed
289 540 398 569 vernali
423 537 611 577 aequinoctio
636 535 754 570 exoriri,
777 534 940 564 autumnali
965 532 1116 562 occidere:
1142 531 1180 560 ita
1204 540 1253 560 sex
1270 529 1423 559 mensibus

178 600 192 622 9
215 592 363 622 infinitum
387 591 479 625 diem,
504 598 552 619 sex
577 588 639 618 aliis
664 586 836 617 continuam
860 594 923 615 esse
948 589 1076 613 noctem.
1143 582 1178 611 de
1209 581 1289 611 caelo
1318 590 1422 619 magna

164 649 191 673 10
215 643 386 673 clementia:
411 651 498 671 aurae
522 641 633 680 spirant
659 637 830 669 salubriter:
856 636 929 665 nihil
954 635 1074 665 noxium
1102 634 1188 663 ssatus
1211 632 1331 662 habent.
1370 632 1422 661 do-

165 701 191 724 11
218 704 283 724 mus
306 699 376 724 sunt
398 702 519 723 nemora
548 692 593 721 vel
617 691 690 720 luci:
720 689 749 719 in
781 688 857 717 diem
888 688 997 716 victum
1027 686 1148 716 arbores
1178 684 1424 714 sumministrant.

165 752 192 775 12
215 746 390 776 discordiam
415 744 567 774 nesciunt:
598 740 783 781 aegritudine
813 748 874 769 non
906 738 1125 776 inquietantur:
1156 736 1191 765 ad
1222 734 1424 765 innocentiam
1447 734 1467 762 4

164 804 191 827 13
215 798 352 827 omnibus
383 796 503 835 aequale
533 799 642 824 votum.
681 792 692 832 11
710 796 834 821 mortem
865 795 1022 819 accersunt
1051 794 1080 818 et
1108 787 1273 817 voluntario
1304 786 1425 815 interitu

163 855 191 879 14
215 850 357 887 castigant
373 847 504 878 obeundi
521 845 702 875 tarditatem:
727 853 802 882 quos
818 842 904 872 satias
920 842 993 871 vitae
1009 844 1100 875 tenet,
1118 838 1226 878 epulati
1243 837 1425 875 delibutique
1449 835 1467 864 5

164 907 191 930 15
215 901 250 930 de
274 910 347 939 rupe
372 904 441 929 nota
465 897 656 938 praecipitem
687 904 786 925 casum
818 894 846 923 in
873 893 961 922 maria
985 892 1149 922 destinant:
1179 890 1235 919 boc
1258 889 1426 928 sepulturae

0 965 8 976 >
30 978 35 984 .
54 957 81 987 4,
99 955 135 986 91
162 957 190 981 16
213 961 306 991 genus
334 952 477 989 optimum
507 949 698 978 arbitrantur.
738 945 748 986 ss
766 946 848 975 aiunt
877 945 962 974 etiam
992 943 1094 973 solitos
1122 951 1175 981 per
1198 941 1326 979 virgines
1356 949 1427 978 pro-

164 1009 191 1033 17
214 1003 379 1032 batissimas
403 1000 546 1040 primitiva
571 1000 688 1037 frugum
708 997 836 1036 Apollini
862 996 942 1026 Delio
967 994 1126 1024 missitare:
1151 1002 1252 1022 verum
1276 992 1328 1020 liae
1352 999 1427 1029 quo-
1450 988 1469 1017 6

166 1060 192 1085 18
216 1055 294 1084 niam
324 1053 446 1092 perfidia
477 1051 625 1090 hospitum
661 1059 721 1078 non
750 1048 888 1077 inlibatae
918 1046 1116 1080 revertissent,
1145 1043 1310 1073 devotionis
1340 1051 1427 1081 quarn

164 1111 192 1136 19
214 1115 338 1145 peregre
363 1102 621 1143 prosequebantur
644 1100 830 1140 pontificium
854 1107 920 1127 mox
946 1098 1022 1127 intra
1047 1097 1122 1125 fines
1145 1105 1214 1125 suos
1239 1098 1427 1134 receperunt.

165 1163 192 1187 20

279 1155 290 1196 ΙΙ
308 1156 405 1185 Altera
430 1155 459 1184 in
484 1154 549 1183 Asia
573 1162 647 1192 gens
664 1157 707 1181 est
731 1151 764 1180 ad
789 1150 904 1180 initium
931 1149 1054 1178 orientis
1078 1147 1186 1181 aestivi,
1210 1146 1260 1175 ubi
1286 1146 1427 1175 deficiunt
1452 1142 1501 1179 1¹7,
1528 1145 1542 1174 1

168 1213 194 1237 21
218 1208 417 1247 Riphaeorum
442 1205 587 1235 montium
616 1205 692 1243 iuga.
740 1201 939 1242 Hyperboreis
962 1200 1071 1229 similes
1101 1199 1203 1228 dicunt
1226 1197 1429 1235 Arimphaeos.

256 1323 359 1351 RCNH
378 1322 505 1355 LMG1B)
524 1321 597 1348 SAP

257 1384 279 1402 v.
295 1377 325 1401 20
340 1375 386 1400 ubi
398 1374 528 1400 deficiunt
538 1389 569 1392 —
581 1375 622 1403 90,
634 1374 648 1397 3
661 1371 780 1398 laedere:
793 1370 894 1397 similia
907 1369 1067 1395 Ammianus
1077 1369 1119 1400 22,
1130 1370 1153 1399 S,
1167 1369 1199 1393 38
1248 1376 1271 1392 υ.
1285 1368 1314 1393 21
1330 1365 1431 1399 Hyper-

173 1418 304 1445 boreis—
315 1420 355 1449 90,
370 1419 384 1443 S
404 1416 523 1450 Hyrcani
542 1415 642 1441 habent
661 1414 818 1448 compilavit
839 1412 949 1447 Capella
964 1414 988 1443 6,
1003 1413 1060 1437 665.

261 1506 269 1528 1
293 1505 379 1535 quem]
398 1509 467 1536 quae
486 1501 514 1531 S,
534 1508 613 1534 quam
634 1500 655 1526 C
671 1502 779 1533 (new-q.)
864 1497 1021 1530 accipimus]
1039 1496 1194 1530 accepimus
1215 1495 1286 1522 ΗΒΑ
1367 1502 1431 1528 gens

174 1546 331 1573 beatissima.
355 1548 471 1578 (gentem
495 1543 679 1569 beatissimam
699 1541 768 1573 RCb)
791 1540 960 1575 respondeus
980 1539 1115 1565 Plim'auz's
1137 1545 1202 1571 gens
1226 1538 1292 1564 felix
1315 1538 1343 1563 ‘in
1370 1546 1431 1564 ora-

176 1590 256 1615 tionis
275 1593 393 1615 tenorem
413 1596 468 1613 non
486 1591 558 1612 recle
577 1588 714 1619 receptum
733 1588 773 1610 est
860 1585 875 1608 4
893 1583 964 1608 iusto
984 1584 1007 1608 Α
1095 1581 1147 1608 duo
1167 1580 1265 1607 RCNS
1350 1580 1432 1606 inter-

173 1632 287 1659 fluentes
306 1629 433 1658 RCIVHS
520 1632 534 1655 5
558 1630 635 1661 quos]
660 1627 727 1661 quds
748 1626 768 1651 G
864 1626 963 1652 mundo
983 1624 1004 1650 S
1091 1627 1105 1650 6
1130 1627 1284 1650 semestrem
1303 1623 1347 1649 SA

175 1675 319 1701 aduersum
342 1672 463 1705 LMGP,
490 1674 517 1698 et
543 1679 587 1697 au.
611 1671 633 1697 Α
738 1671 802 1700 una]
829 1668 930 1702 reliqui
956 1676 1016 1694 cum
1040 1666 1145 1698 Plinio,
1172 1674 1228 1692 uno
1254 1665 1328 1692 SAP

175 1718 243 1744 diem
262 1718 287 1744 R
384 1719 396 1742 'l
417 1717 514 1749 putant
532 1712 665 1741 RCNHP
761 1714 774 1737 S
794 1714 842 1737 aut
859 1710 1009 1737 autumnali
1029 1711 1049 1735 G
1149 1711 1164 1735 9
1183 1716 1306 1742 magnam
1326 1709 1348 1735 L

177 1764 206 1787 10
234 1760 401 1787 clementiam
419 1757 486 1789 LM,
510 1757 618 1784 clemtia
637 1758 665 1783 H
772 1754 890 1785 noxium]
910 1752 928 1779 Ι
943 1752 1129 1783 (ΗΟΝΗΒΑ),
1154 1752 1226 1778 noxii
1246 1751 1281 1778 II
1297 1752 1436 1783 ‹LMGPr-

176 1804 247 1830 omni
268 1802 369 1829 adfiatu
387 1801 467 1828 noxio
487 1807 582 1827 carens
602 1798 709 1825 Plinius
762 1796 852 1823 flatius
871 1796 896 1823 R
948 1796 1042 1822 domos
1060 1794 1093 1821 M
1146 1797 1174 1821 11
1194 1795 1337 1821 arrabores
1359 1796 1378 1820 G

178 1848 208 1872 12
227 1844 420 1879 aegritudinem
440 1846 483 1875 H,
502 1842 633 1876 egritudie
651 1841 690 1867 Ra
769 1839 955 1866 subministrat
974 1838 1003 1864 N
1084 1840 1113 1863 13
1132 1840 1274 1863 arcersunt
1295 1839 1324 1869 G,
1343 1845 1434 1864 accer-

176 1892 256 1915 scunt
274 1890 313 1919 H,
332 1888 486 1913 accersiunt
503 1887 534 1917 Α,
554 1886 697 1911 ascessunt
715 1882 748 1909 M
812 1885 842 1908 14
861 1882 952 1912 satias]
973 1881 1054 1907 saties
1074 1881 1097 1906 Α
1161 1883 1216 1906 ten.
1236 1880 1282 1906 uit.
1302 1879 1376 1906 SAP

177 1931 335 1964 dilibutique
359 1928 518 1960 RCNLSR
542 1928 705 1960 delibatique
726 1927 762 1957 G,
787 1924 884 1951 dilibus
909 1924 1001 1957 utique
1020 1923 1053 1950 M
1162 1925 1191 1948 15
1217 1922 1249 1948 de
1272 1930 1339 1956 rupe
1361 1925 1435 1953 nota]

178 1977 322 2008 erumpunt
347 1981 378 1999 ac
397 1972 427 1999 M
497 1971 590 2002 maria]
611 1969 775 2003 profundum
794 1975 867 1994 mare
887 1967 945 1997 SA,
969 1966 1131 2000 profundum
1150 1972 1222 1991 mare
1241 1965 1326 1991 maria.
1346 1964 1371 1990 l)

181 2019 210 2043 16
233 2017 407 2047 arbitrantur]
427 2015 530 2041 ducunt
549 2013 593 2039 SA
664 2012 759 2038 solitus
778 2010 811 2037 M
880 2012 908 2035 17
929 2009 1073 2043 primitiua]
1092 2008 1224 2042 primitias
1243 2009 1279 2035 Α,
1305 2008 1326 2033 si
1346 2007 1436 2040 primi-

179 2059 230 2085 tias
250 2058 270 2085 S
356 2060 423 2084 haec
442 2056 533 2087 RNH,
553 2056 603 2082 hee
624 2055 645 2082 C
730 2056 760 2079 18
781 2052 899 2086 persidia
918 2052 956 2084 M,
976 2051 1115 2085 perfidiam
1134 2050 1163 2081 S,
1182 2050 1310 2083 perfidiae
1328 2050 1351 2075 A

179 2102 262 2127 inlate
280 2101 306 2127 R
402 2100 578 2130 reuenissentl
598 2098 701 2124 renisse
722 2098 755 2128 G,
778 2095 979 2122 reuenisserant
998 2094 1028 2121 M
1125 2093 1295 2119 deuotionem
1314 2094 1342 2119 H

184 2146 213 2169 19
236 2143 392 2177 pontificum
413 2146 438 2170 H
543 2149 605 2167 mox
629 2141 709 2171 intra]
730 2138 764 2165 II
779 2137 965 2169 (LMGSAPJ‚
990 2137 1061 2162 intra
1080 2136 1097 2162 I
1113 2134 1236 2167 (mali)
1347 2136 1378 2159 20
1399 2136 1439 2160 est

181 2194 232 2212 om.
256 2185 276 2212 C
335 2186 368 2212 ab
387 2185 462 2212 initio
482 2184 525 2211 SA
587 2183 684 2210 aestiui
704 2191 755 2208 om.
776 2181 798 2207 L
860 2180 1022 2206 deficiuntur
1040 2179 1065 2205 R
1124 2180 1151 2203 21
1175 2178 1356 2211 riphaeorum]
1375 2176 1440 2207 LM,
