1706 2446
97 203 141 224 PL.

0 410 38 430 rr.
56 401 84 434 8,
103 399 143 430 89

91 664 147 684 IGN-

0 717 47 737 PL.
66 707 94 740 8,
112 706 151 737 89

93 817 151 837 1GN.

762 94 822 123 143

179 197 192 222 1
215 196 274 222 tem
304 190 365 220 dies
394 189 505 228 agitur:
536 187 644 226 quibus
674 184 778 214 diebus
801 190 868 211 cum
891 177 1095 209 sacerdotibus
1119 175 1258 214 quasdam
1282 170 1422 203 crocodili

178 249 192 273 2
215 243 344 273 indutias
359 240 470 270 habent
486 248 541 268 nec
557 241 716 268 attrectant
738 235 878 264 lavantes.
916 239 1017 260 verum
1039 233 1142 259 octavo
1166 227 1212 256 die
1237 222 1425 255 caerimoniis

179 301 193 325 3
217 295 274 324 iam
297 292 434 333 peractis,
457 290 535 320 velut
557 288 671 319 reddita
694 284 841 317 saeviendi
865 282 999 317 licentia7
1027 280 1141 310 solitam
1166 280 1320 307 resumunt
1345 278 1424 303 atro-

179 353 191 376 4
215 346 342 376 citatem.

180 404 194 427 5
302 395 311 437 ss
334 393 504 425 Crocodilus
528 391 637 421 malum
661 388 829 428 quadrupes
853 391 882 416 et
904 384 933 414 in
958 388 1036 413 terra
1060 386 1089 410 et
1114 381 1145 410 in
1169 378 1291 409 flumine
1314 376 1425 416 pariter
1446 372 1499 411 32,
1526 373 1567 403 22

182 455 197 479 6
219 449 308 478 valet:
331 446 463 484 linguam
487 453 547 473 non
573 441 675 471 habet:
699 438 844 468 maxillam
869 438 967 465 movet
989 433 1183 472 superiorem.
1223 438 1339 459 morsus
1363 427 1426 457 eius

183 507 196 530 7
220 498 353 530 horribili
376 495 533 526 tenacitate
557 491 756 525 conveniunt,
783 489 910 528 stipante
933 495 964 515 se
988 484 1159 524 pectinatim
1183 481 1259 512 serie
1282 479 1425 509 dentium.

183 556 197 581 8
221 551 395 590 plerumque
419 547 454 576 ad
477 545 580 585 viginti
602 544 689 573 ulnas
711 539 923 579 magnitudinis
940 536 1085 567 evalescit.
1123 534 1218 573 qualia
1236 531 1350 562 anseris
1366 530 1428 559 edit

185 608 199 631 9
223 610 283 631 ova.
321 603 448 629 metatur
470 597 567 627 locum
592 595 661 625 nido
686 592 811 623 naturali
836 588 1020 630 providentia
1046 596 1101 616 nec
1127 585 1194 615 alibi
1217 585 1294 614 fetus
1317 580 1425 621 premit
1449 580 1489 610 23

171 658 199 683 10
222 661 309 691 quam
340 660 398 689 quo
430 647 590 679 crescentis
614 646 669 676 Nili
698 654 790 683 aquae
822 652 879 671 non
914 639 1028 679 possint
1056 636 1220 677 pervenire.
1259 633 1270 675 u
1288 635 1317 664 in
1341 637 1428 672 partu

175 709 202 733 11
225 703 351 733 fovendo
375 711 436 731 mas
460 705 489 730 et
512 698 620 728 semina
644 697 721 726 vices
743 698 868 725 servant.
912 691 923 731 ΙΙ
946 694 1065 730 praeter
1086 688 1196 718 hiatum
1221 687 1280 716 oris
1303 688 1432 714 armatus

173 760 201 784 12
224 759 267 784 est
283 753 368 783 etiam
386 752 531 790 unguium
548 748 729 779 inmanitate.
770 744 907 775 noctibus
924 743 954 772 in
978 750 1052 780 aqua
1069 739 1158 777 degit,
1182 748 1234 777 per
1257 737 1334 766 diem
1350 734 1431 764 humi
1457 734 1497 763 24

175 812 202 836 13
224 804 396 844 adquiescit.
435 801 664 844 ”circumdatur
686 799 810 828 maxima
834 795 912 825 cutis
935 793 1073 824 firmitate
1097 792 1126 821 in
1151 794 1276 825 tantum,
1305 792 1336 817 ut
1359 787 1435 816 ictus

0 870 43 890 PL.
61 859 90 893 8,
108 860 147 890 90
171 863 199 887 14
222 856 325 896 quovis
347 858 497 885 tormento
526 852 645 882 adactos
675 855 758 888 tergo
783 846 974 887 repercutiat.
1019 844 1031 884 ll
1047 841 1207 882 strophilos
1234 840 1293 870 avis
1315 838 1434 878 parvula
1459 835 1499 865 25

6 1127 49 1146 PL.
68 1116 96 1151 8,
114 1116 154 1145 91

175 915 203 939 15
226 913 284 939 est:
312 917 345 938 ea
375 905 509 936 reduvias
537 911 670 934 escarum
702 902 771 931 dum
801 899 942 933 adfectat,
967 906 1000 926 os
1023 895 1127 925 beluae
1151 893 1273 922 huiusce
1296 889 1435 929 paulatim

176 967 204 991 16
226 960 330 999 scalpit
354 963 382 988 et
405 956 514 987 sensim
538 954 754 993 scalpurrigine
777 950 948 981 blandiente
972 947 1082 977 aditum
1098 944 1154 975 sibi
1175 944 1204 973 in
1226 951 1320 981 usque
1338 941 1438 970 fauces

178 1017 205 1042 17
227 1011 305 1042 facit.
345 1010 422 1049 quod
439 1009 620 1038 ichneumon
639 1004 828 1043 conspicatus
847 1004 984 1041 penetrat
1001 998 1116 1028 beluam
1141 994 1350 1035 populatisque
1364 992 1438 1021 vita—

180 1069 208 1093 18
232 1063 309 1092 libus
332 1070 416 1091 erosa
440 1060 499 1089 exit
521 1059 594 1087 alvo.

180 1120 208 1144 19
316 1112 324 1151 l}
342 1112 392 1142 Est
407 1116 436 1141 et
458 1109 631 1149 delphinum
654 1115 750 1146 genus
773 1105 803 1134 in
821 1104 896 1139 Nilo,
921 1110 1048 1141 quorum
1072 1101 1158 1129 dorsa
1182 1102 1307 1128 serratas
1329 1094 1440 1124 liabent
1464 1091 1503 1122 26

267 1186 370 1221 RCNH
388 1184 516 1217 LMG(B)
535 1182 608 1210 SAP

268 1226 325 1257 0215
352 1228 546 1256 crocodilus—
558 1228 573 1252 6
591 1225 757 1260 superiorem
782 1220 921 1256 excerpsit
940 1218 1033 1246 Dicuil
1050 1220 1073 1250 7,
1093 1219 1139 1249 373
1165 1225 1189 1243 v.
1209 1218 1223 1241 5
1249 1212 1445 1241 crocodilus-—

184 1276 215 1300 14
246 1271 411 1306 repercutiat
437 1269 595 1305 compilavit
624 1266 751 1294 Isidorus
775 1267 820 1296 12,
844 1266 874 1297 6,
898 1265 938 1290 19.
958 1264 1003 1295 203
1031 1259 1131 1287 similia
1161 1257 1320 1284 Ammianus
1338 1257 1384 1289 22,
1405 1257 1445 1287 15,

187 1319 226 1342 15.
242 1318 272 1343 16
361 1323 384 1341 v.
399 1316 413 1340 8
433 1313 566 1347 qualia—
579 1314 608 1337 10
627 1309 765 1344 pervenire
783 1306 923 1341 excerpsit
941 1304 1035 1331 Dicuil
1045 1306 1068 1336 7,
1083 1305 1113 1328 37
1202 1310 1225 1328 υ.
1248 1302 1278 1326 14
1297 1297 1445 1332 strophilos

184 1360 259 1385 —18
284 1358 359 1384 alvo:
382 1356 482 1383 similia
499 1355 659 1382 Ammianus
678 1354 719 1384 22,
740 1353 780 1384 15,
800 1353 831 1377 19
856 1353 883 1376 el
900 1348 1026 1375 Isidorus
1045 1348 1084 1378 12,
1104 1347 1128 1377 2,
1142 1346 1174 1371 36
1265 1351 1290 1369 v.
1310 1344 1340 1368 19
1359 1342 1401 1367 est
1419 1342 1446 1366 et

185 1401 381 1435 delphinum—
397 1401 452 1431 144,
466 1401 480 1424 2
499 1397 656 1424 interimunt
674 1393 830 1429 compilavit
850 1391 974 1419 Isidorus
994 1392 1034 1422 12,
1051 1392 1074 1421 6,
1090 1390 1131 1415 11.
1146 1389 1186 1413 16.
1200 1387 1245 1419 ’2ος
1264 1384 1365 1411 similia
1383 1384 1446 1409 Am-

186 1445 294 1470 mianus
307 1445 348 1473 22,
362 1445 402 1475 15,
419 1444 456 1468 ts.

276 1515 284 1538 1
302 1511 431 1545 quosdam
445 1512 485 1536 Ha
539 1507 680 1535 crocodill-
695 1505 802 1535 RCNA,
822 1501 978 1530 crocodrill-
993 1503 1028 1528 H.
1049 1498 1203 1526 corcodrill-
1219 1497 1276 1523 Die.
1291 1497 1449 1521 constanter

191 1563 283 1582 omnes
363 1556 377 1580 5
396 1553 483 1579 malus
500 1551 560 1578 Dic.
640 1551 789 1582 quatrupes
808 1545 840 1572 M
915 1546 942 1571 in
960 1544 998 1575 fl.]
1016 1543 1043 1569 fl,
1064 1542 1085 1568 S
1163 1540 1265 1573 pariter
1285 1546 1337 1564 om.
1357 1538 1380 1563 Α

190 1602 202 1624 7
225 1597 353 1624 horribile
366 1595 399 1622 M
464 1593 584 1620 tenacita
598 1594 617 1617 G
688 1589 800 1624 stipanti
815 1590 844 1619 G,
864 1589 995 1621 stipantes
1010 1587 1030 1612 S
1100 1584 1172 1611 dent.
1192 1590 1243 1609 ser.
1262 1583 1333 1615 pect.
1355 1578 1399 1606 SA

191 1644 205 1668 S
224 1647 304 1667 anser
327 1638 432 1665 insedet
450 1637 510 1664 Dic.
599 1638 614 1661 9
638 1635 699 1664 oua]
724 1633 783 1659 oria
802 1634 828 1659 H
915 1629 978 1656 nido
1004 1637 1054 1655 om.
1075 1627 1133 1653 Dic.
1222 1623 1321 1658 promit
1340 1624 1366 1649 H

193 1687 223 1710 10
243 1685 305 1717 quo]
325 1681 396 1716 quod
417 1679 485 1711 Dic„
508 1687 557 1713 pro
576 1678 612 1704 P¹
684 1678 835 1702 crescentes
855 1674 899 1699 SA
969 1673 1084 1706 possunt
1102 1668 1204 1697 HDic„
1223 1669 1336 1701 possent
1353 1664 1387 1691 M

192 1726 300 1761 pernire
315 1726 334 1751 G
404 1723 431 1749 in
451 1724 542 1755 partu]
561 1721 588 1747 in
606 1727 717 1754 parcum
733 1719 762 1749 G,
781 1726 831 1743 omi
848 1719 874 1743 H
947 1718 973 1741 11
994 1714 1106 1744 hiatum]
1125 1712 1152 1737 in
1171 1713 1262 1737 actum
1281 1708 1314 1735 M
1380 1713 1452 1733 mars

193 1769 242 1795 IVS
311 1767 424 1793 feminas
439 1764 464 1791 P
531 1766 623 1790 serant
636 1762 657 1789 S
729 1764 758 1788 13
773 1759 939 1787 circumdata
952 1757 989 1789 M,
1009 1754 1191 1783 circumdatus
1205 1752 1250 1779 SA
1323 1753 1353 1777 14
1372 1749 1452 1776 adac-

192 1815 237 1838 tns
256 1809 335 1837 HNS
439 1806 614 1842 repercutiat]
634 1804 747 1838 recipiat
765 1803 799 1830 M
900 1799 1048 1834 atrophilus
1069 1798 1104 1829 H,
1124 1796 1246 1824 strofilus
1266 1794 1305 1820 N:
1323 1792 1454 1820 trochilos

194 1854 303 1880 Plinius
321 1855 347 1879 et
365 1853 527 1878 Ammianus
598 1851 628 1875 15
654 1851 695 1875 est
714 1855 766 1873 om.
787 1844 869 1872 SAP¹
941 1842 1067 1869 redubias
1087 1846 1139 1873 (res
1158 1839 1255 1866 dubias
1277 1837 1312 1869 H)
1330 1842 1454 1862 escarum

195 1901 329 1928 (erearum
352 1894 392 1928 M)
417 1894 479 1921 dum
498 1889 731 1922 RCNHLMGW,
756 1889 819 1915 dum
841 1886 968 1914 redubias
991 1892 1044 1911 esc.
1065 1883 1148 1910 ΒΑΡι
1255 1880 1384 1910 adfectat]
1409 1877 1456 1904 ad-

197 1942 286 1967 sectat
305 1938 342 1965 Ρ2
438 1938 477 1967 os]
496 1943 527 1962 us
548 1934 573 1961 N
672 1936 701 1959 16
721 1930 926 1965 scalpurrigine]
945 1927 1082 1962 prurigine
1103 1928 1130 1953 H
1236 1926 1263 1950 17
1287 1921 1455 1955 (h)ic(h)neu-

196 1991 259 2010 mon
287 1981 460 2014 (hicheumon
484 1977 524 2009 M)
555 1979 658 2010 consp]
681 1972 918 2003 RCNHLMGP2,
949 1970 1084 2004 enhydrus
1109 1967 1274 2001 (denhydrus
1301 1966 1335 1997 Α)
1362 1971 1456 1995 consp.

198 2025 312 2051 alterum
336 2024 544 2050 ichneumonum
568 2022 768 2052 (inneumonum
792 2016 838 2048 1³²)
862 2022 946 2049 genus
966 2012 1062 2040 SAP½
1087 2019 1180 2038 somno
1203 2016 1324 2044 pressum
1350 2005 1457 2038 conspi-

200 2069 277 2094 catus
303 2067 465 2092 ichneumon
492 2063 581 2095 Ptin„
608 2061 679 2095 quod
706 2060 808 2086 factum
836 2059 968 2085 contuens
995 2055 1131 2089 enhydrus
1158 2050 1346 2079 ichneumonis
1373 2055 1458 2081 genus

199 2110 372 2138 Ammianus,
397 2107 529 2141 enhydros
549 2106 572 2132 si
589 2103 720 2131 invenerit
738 2101 913 2130 dormientem
933 2098 1098 2126 crocodilum
1117 2095 1244 2122 Isidorus
1348 2092 1459 2125 penetra

200 2151 240 2178 Ra
327 2150 526 2185 populatusque
544 2147 637 2174 uitalia
657 2146 683 2172 P
769 2147 798 2171 ts
818 2151 881 2170 rosa
899 2142 953 2169 MA
1040 2141 1117 2166 alueo
1137 2138 1164 2164 N
1249 2138 1276 2162 19
1295 2138 1337 2162 est
1355 2136 1382 2160 et
1398 2136 1459 2166 (om.

203 2193 288 2225 RCII)
307 2193 433 2220 delfinum
451 2193 544 2225 genus]
563 2193 627 2216 sunt
645 2188 784 2223 delphines
802 2186 884 2214 SAP¹
954 2185 982 2211 in
1002 2192 1052 2210 om.
1072 2180 1150 2208 LMG
1221 2179 1304 2205 habet
1321 2178 1347 2205 R
