1593 2409
434 628 485 664 II.
523 620 764 663 SVBSIDIA
791 614 1003 657 ORITIOA

281 736 314 765 Α.
349 730 632 771 Compilatores
656 723 784 755 Solini
809 721 1147 752 collectaneorum.

171 817 266 855 Supra
300 812 424 842 vidimus
465 811 533 837 ante
568 803 718 835 saeculum
753 799 890 839 quintum
926 795 1073 835 incipiens
1107 793 1185 821 inter
1212 793 1348 818 auctores

86 868 259 910 superstites
288 864 403 895 nullum
432 857 575 893 inveniri,
605 855 656 894 qui
680 852 775 883 Solini
803 850 983 880 collectanea
1012 842 1193 878 adhibuerit3
1226 840 1261 870 ab
1292 839 1348 868 hoc

88 920 156 951 inde
186 924 320 957 tempore
350 914 399 953 qui
430 912 464 942 iis
495 909 540 940 usi
570 908 629 938 sint
652 905 812 943 scriptores
836 902 893 931 iam
922 895 1180 929 enumerabuntur
1195 893 1227 930 ¹).
1273 889 1349 920 anti-

89 972 227 1012 quiorum
245 968 303 999 loci
324 962 485 996 Solinianis
508 958 726 999 respondentes
756 952 913 993 compositi
937 948 1127 989 reperientur
1150 945 1179 974 in
1204 940 1352 973 indicibus

87 1022 229 1054 volumini
253 1020 322 1050 huic
345 1015 475 1047 adiectis.

181 1076 207 1104 1.
240 1066 474 1102 AVGVSTlNVS
504 1064 535 1093 in
566 1057 786 1092 commentariis
816 1056 851 1085 de
875 1054 989 1084 civitate
1019 1050 1065 1080 dei
1092 1047 1176 1078 editis
1207 1055 1231 1075 o.
1249 1054 1274 1073 a.
1291 1043 1353 1073 426

93 1125 271 1157 coniunctos
294 1123 356 1151 sere
387 1115 519 1148 adhibuit
542 1113 669 1144 Plinium
694 1109 900 1145 Solinumque.
945 1112 1013 1134 nam
1038 1110 1113 1140 quae
1144 1096 1258 1127 rettulit
1281 1094 1355 1123 duo-

94 1178 149 1208 bus
172 1176 246 1206 locis
269 1183 304 1204 ex
327 1172 455 1211 yemium
477 1167 600 1197 historia
623 1164 686 1202 (16,
705 1163 732 1195 8,
752 1162 778 1191 1.
803 1160 855 1193 21,
872 1159 900 1192 6,
920 1157 949 1192 1)
980 1163 1033 1184 seu
1057 1151 1214 1182 curiosiore
1236 1146 1356 1177 historia

95 1229 157 1266 (16,
175 1228 205 1263 8,
224 1228 258 1262 1;
282 1225 319 1254 ef.
336 1224 387 1258 21,
404 1223 421 1252 7
446 1219 533 1256 extr.)
556 1217 615 1246 sive
639 1214 759 1244 historia
775 1219 834 1240 non
856 1209 1001 1247 factorum
1025 1209 1050 1234 et
1065 1205 1287 1234 transactorum,
1311 1195 1358 1225 sed

95 1279 276 1310 manentium
299 1275 427 1305 locorum
451 1272 520 1308 (21,
540 1270 573 1304 5,
590 1268 638 1305 2),
668 1273 770 1295 eorum
795 1270 869 1301 quae
892 1260 993 1299 priore
1016 1257 1082 1286 loco
1113 1254 1183 1292 (16,
1201 1252 1235 1287 8,
1254 1250 1286 1289 1)
1317 1248 1358 1277 le-

97 1334 228 1370 guntur,
253 1330 353 1366 aperte
377 1323 524 1361 descripta
548 1324 619 1351 sunt
646 1327 681 1348 ex
704 1315 791 1346 Plinii
816 1317 939 1343 naturae
968 1307 1109 1339 historiae
1134 1305 1210 1334 libro
1234 1300 1359 1340 septimo

97 1379 282 1421 (§15—30)
308 1378 357 1412 ita,
382 1381 413 1405 ut
435 1383 524 1413 saepe
548 1373 610 1411 ipsa
634 1368 722 1399 verba
746 1365 832 1397 Plinii
856 1363 1051 1395 retineantur,
1075 1367 1143 1388 cum
1168 1354 1288 1385 Solinus
1313 1360 1361 1380 ea-

100 1433 166 1464 dem
190 1436 240 1462 aut
264 1439 325 1460 non
350 1428 457 1457 habeat
479 1427 524 1462 (ut
546 1424 644 1453 locum
669 1421 704 1450 de
721 1415 914 1456 androgynis)
939 1417 989 1442 aut
1012 1411 1096 1441 aliter
1120 1409 1229 1437 referat
1252 1406 1296 1443 (ut
1318 1402 1361 1431 lo-

101 1493 169 1515 cum
196 1483 232 1512 de
256 1479 422 1511 monocolis
445 1487 474 1517 p.
493 1476 564 1511 187,
580 1475 621 1505 22
645 1470 787 1509 aliaque):
819 1471 921 1497 eontra
952 1473 1027 1503 quae
1056 1459 1187 1492 secundo
1211 1458 1276 1486 loco
1300 1455 1363 1489 (21,

102 1536 187 1572 5,1)
209 1534 397 1565 referuntur,
428 1538 460 1558 ea
484 1526 529 1556 vel
552 1526 581 1555 in
607 1525 670 1563 ipso
694 1530 794 1552 rerum
820 1518 924 1548 ordine
955 1515 1016 1554 (qui
1041 1511 1205 1543 secundum
1229 1506 1364 1537 Solinum

104 1591 148 1617 est
179 1587 214 1621 5,
233 1585 282 1615 18.
307 1583 364 1618 29,
382 1583 410 1611 4.
436 1579 510 1615 7,2.
530 1578 580 1608 13.
604 1577 660 1611 32,
678 1575 727 1605 35.
753 1574 808 1606 35,
826 1570 855 1601 8.
880 1570 929 1604 37,
948 1567 996 1598 16.
1014 1567 1065 1596 21.
1090 1561 1213 1597 45,18.
1239 1560 1295 1591 52,
1314 1557 1366 1592 49)

105 1639 166 1668 sere
190 1635 285 1666 Solini
312 1632 443 1663 libellum
475 1632 644 1667 sequuntur
675 1624 833 1662 omniaque
862 1621 936 1650 haec
965 1616 1042 1657 apud
1066 1614 1200 1644 Solinum
1231 1609 1366 1641 redeunt,

107 1697 174 1719 cum
198 1685 350 1726 quaedam,
375 1688 407 1712 ut
428 1681 486 1711 loci
509 1681 545 1709 de
561 1678 676 1708 asbesto
701 1681 729 1705 et
752 1675 787 1704 de
803 1672 899 1713 pomis
915 1670 1122 1700 Sodomorum,
1146 1662 1224 1702 apud
1241 1659 1367 1689 Plinium

107 1749 169 1770 non
193 1737 299 1768 adsint.
339 1743 426 1774 quam
450 1732 488 1762 ob
512 1740 573 1760 rem
599 1729 651 1758 etsi
677 1727 739 1757 fieri
762 1729 870 1765 potest,
893 1727 926 1752 ut
942 1718 1125 1759 Augustinus
1150 1723 1210 1744 non
1235 1711 1369 1742 Solinum

108 1789 291 1824 adhibuerit,
324 1786 374 1816 sed
399 1794 465 1815 eum
489 1791 578 1822 quem
602 1781 626 1810 is
650 1777 834 1819 epitomavit,
865 1779 962 1804 tamen
995 1769 1086 1808 magis
1110 1763 1286 1797 crediderim
1309 1760 1369 1789 vol-

109 1843 183 1872 visse
207 1849 274 1870 eum
299 1847 372 1877 quae
397 1836 491 1866 adhuc
514 1833 657 1864 habemus
681 1829 769 1860 Plinii
792 1826 945 1864 Solinique
968 1820 1127 1852 volumina.

200 1944 223 1973 1)
242 1941 377 1967 Auctores
396 1934 594 1964 ecclesiasticos
612 1932 808 1965 Hieronymum
821 1925 994 1955 Ambrosium
1006 1919 1187 1954 Augustinum
1206 1915 1300 1942 iisdem
1319 1912 1375 1938 fere

113 1985 202 2013 verbis
221 1990 302 2017 saepe
320 1981 461 2007 mutuatos
480 1984 540 2004 esse
558 1975 706 2003 sententias
719 1971 804 1999 Solini
822 1971 850 1997 in
868 1969 922 1995 vita
941 1967 998 1994 eius
1019 1962 1129 1992 editioni
1149 1960 1278 1991 (Viennae
1298 1957 1373 1985 152⁰)

113 2027 262 2062 praemissa
286 2023 382 2052 scribit
400 2022 536 2049 Iohannes
556 2019 679 2049 Camers3
703 2014 856 2042 meminisse
875 2010 959 2038 Solini
986 2017 1019 2036 ex
1042 2006 1165 2041 patribus
1184 2002 1377 2032 Hieronymum

115 2069 285 2096 Ambrosium
308 2065 493 2099 Augustinum
517 2061 608 2096 posuit
627 2060 777 2086 Camertem
801 2056 898 2089 opinor
923 2055 1033 2080 secutus
1059 2049 1120 2076 Ger.
1144 2046 1184 2072 Io.
1202 2043 1316 2070 Vossius
1335 2040 1378 2071 (de

115 2113 179 2139 hist.
198 2112 246 2138 lat.
266 2111 284 2137 1.
304 2109 345 2136 ΙΙΙ
364 2117 384 2135 s.
399 2110 447 2140 v.),
467 2113 546 2139 quem
565 2103 662 2130 deinde
681 2100 823 2128 Fabricius
841 2098 940 2131 aliique
959 2091 1170 2126 exscripserunt.
1208 2087 1297 2113 certos
1316 2089 1378 2108 vero

117 2155 192 2182 locos
211 2152 369 2186 Hieronymi
388 2148 556 2176 Ambrosiive
577 2154 610 2172 ex
629 2145 720 2172 Solino
745 2143 902 2175 desumptos
928 2146 989 2166 cum
1008 2143 1088 2163 nemo
1108 2127 1313 2159 demonstrarit,
1332 2131 1381 2156 ego

119 2203 225 2232 quoque
244 2196 333 2222 nullos
353 2193 414 2221 novi
432 2198 520 2225 neque
539 2189 627 2216 fateor
644 2186 757 2213 multum
776 2183 903 2218 quaesivi.
