1593 2409
775 83 867 110 XXVI

278 170 306 198 2.
342 168 557 198 MARCIANVS
581 169 753 199 CAPELLA
777 174 880 199 auctor
901 170 1002 200 aetatis
1025 169 1169 207 incertae,
1194 170 1249 200 nisi
1273 170 1350 209 quod
1375 179 1446 199 cou-

192 226 248 250 stat
271 230 339 250 eum
362 221 514 260 scripsisse
538 225 606 250 ante
633 229 658 250 a.
682 221 743 251 498
775 221 824 258 (cf.
847 221 933 250 Rossi
956 221 1046 251 inser.
1069 221 1170 250 christ.
1192 221 1227 251 U.
1244 221 1277 250 R.
1294 221 1306 250 Ι
1322 231 1350 260 p.
1363 222 1447 258 476),

192 272 473 301 commentariorum
497 280 618 301 suorum
635 276 749 301 sextum
764 271 803 301 ita
819 271 1017 307 concinnavit,
1041 276 1073 301 ut
1095 271 1181 301 modo
1199 271 1336 308 Plinium,
1359 272 1446 301 modo

192 323 337 359 Solinum,
361 322 445 352 initio
470 323 562 361 magis
585 323 677 359 illum,
701 323 731 352 in
748 324 807 352 fine
830 323 911 352 hunc
926 323 1025 361 potius
1049 322 1191 361 expilaret
1213 331 1309 360 neque
1333 327 1448 361 praeter

192 375 245 404 hos
269 375 299 404 in
322 375 377 403 hac
402 374 520 412 quidem
545 374 644 412 operis
674 378 756 413 parte
779 378 929 403 auctorem
961 373 1049 402 alium
1073 373 1238 402 adhiberet:
1267 382 1323 411 qua
1352 373 1388 402 de
1416 383 1447 402 re

192 426 220 454 in
246 425 417 455 universum
447 429 527 454 recte
551 425 687 463 exposuit
711 424 789 454 Frid.
814 424 951 454 Ludecke
981 424 1028 462 (de
1052 424 1191 453 Marciani
1216 423 1349 462 Capellae
1372 424 1446 453 libro

191 481 282 505 sexto.
321 476 476 514 Gottingae
496 477 576 507 1862
600 486 628 514 p.
649 477 686 507 13
698 477 763 514 sq.).
803 485 858 505 nec
877 476 985 505 desunt
1007 475 1085 514 apud
1102 475 1247 514 Capellam
1271 484 1388 505 errores
1411 484 1445 504 ex

190 527 282 565 ipsius
306 527 399 556 Solini
423 527 519 556 verbis
549 527 622 556 male
646 526 728 556 lectis
758 526 932 565 explicandi.
982 526 1019 555 ita
1050 535 1117 555 cum
1142 526 1260 555 Solinus
1287 536 1316 565 p.
1333 527 1408 562 208,
1427 527 1445 556 3

192 578 375 617 scripsisset:
399 578 528 607 habitari
541 580 627 607 etiam
643 578 721 607 addit
737 577 902 616 Aethiopiae
917 577 1019 607 adusta
1035 576 1262 615 Troyoclytarum
1278 583 1303 607 et
1315 576 1445 615 Ichthyo-

187 629 348 668 phayorum
371 628 552 663 nationibus,
577 628 692 667 Capella
717 629 744 663 6,
763 629 823 659 702
847 629 891 666 (ut
913 628 1077 657 observavit
1100 627 1237 657 Ltidecke
1260 628 1279 657 l.
1297 637 1321 657 c.
1346 637 1374 666 p.
1394 629 1445 660 31)

190 680 286 709 abdita
309 680 410 718 legens
434 689 490 718 pro
521 689 555 708 eo
580 679 658 718 quod
683 683 726 709 est
748 679 826 708 addit
849 678 892 707 vel
916 679 1013 708 addita
1040 679 1109 715 (hoc
1138 679 1217 707 enim
1245 678 1356 708 habent
1379 678 1444 708 libri

190 731 336 769 plerique)
360 730 428 759 inde
452 731 536 760 fecit:
559 730 728 760 habitantur
751 732 837 759 eciam
860 729 955 759 abdica
977 729 1140 768 Aethiopiae
1162 736 1188 759 ec
1210 730 1312 759 adusta
1339 729 1362 759 T
1361 739 1446 768 roya-

191 781 326 819 castarum
356 788 382 811 et
404 780 677 820 Ichthyophayoram
705 781 845 819 qentibus.
890 781 958 809 item
981 790 1009 819 p.
1033 782 1110 815 214,
1137 782 1150 811 1
1184 790 1250 810 cum
1281 781 1445 820 scripsisset

192 833 327 862 Solinus:
359 834 443 862 tertia
473 832 594 870 (insula)
620 832 686 861 huic
705 834 855 871 proximat
885 832 978 861 eodem
1001 833 1129 865 nomine,
1160 841 1233 870 quae
1264 832 1445 870 respondent

192 883 333 913 Plinianis
350 884 379 919 6,
393 885 472 915 2043
497 883 531 913 ab
548 892 579 912 ea
603 884 634 912 in
657 884 750 912 vicino
774 883 867 912 eodem
890 883 1005 911 nomine
1028 884 1176 917 minorem,
1201 882 1315 921 Capella
1333 884 1360 919 6,
1374 884 1445 918 702,

190 940 222 964 ut
252 934 415 964 observavit
438 934 595 964 Salmasius
626 934 733 971 (exerc.
759 933 833 962 Plin.
861 942 889 972 p.
907 934 966 964 927
982 933 1015 969 Β)
1046 937 1074 962 et
1103 943 1157 963 nos
1187 943 1274 972 supra
1299 934 1355 963 iam
1379 934 1445 963 teti-

191 986 301 1024 gimus.
332 985 406 1014 male
429 985 556 1023 iungens
575 986 714 1024 proxima
738 984 844 1014 teoclem
867 986 983 1013 nomine
998 984 1040 1013 sic
1065 984 1163 1013 locum
1180 985 1338 1023 expressit:
1361 987 1445 1014 tertia

194 1036 288 1066 Teode.

277 1097 305 1126 3.
340 1095 452 1125 LIBER
471 1095 724 1125 GENEALOGVS
748 1094 902 1134 (chronica
927 1094 1041 1123 minora
1059 1094 1114 1123 vol.
1134 1097 1147 1125 1
1167 1104 1195 1133 p.
1216 1096 1274 1125 154
1288 1095 1362 1133 seq.)
1386 1093 1447 1123 edi-

189 1153 236 1177 tus
266 1157 290 1176 a.
314 1149 392 1181 455,
427 1147 477 1176 sed
507 1151 609 1185 postea
640 1151 742 1175 auctus
766 1146 796 1183 (l.
820 1155 845 1174 c.
870 1154 898 1183 p.
924 1146 996 1181 155)
1020 1145 1170 1174 Soliniana
1200 1145 1343 1183 quaedam
1373 1145 1446 1182 (vide

189 1200 222 1228 ad
248 1208 275 1237 p.
293 1199 365 1233 205,
385 1199 432 1228 11.
457 1198 527 1233 206,
547 1198 598 1234 16)
622 1197 676 1226 sub
701 1196 822 1225 nomine
846 1196 974 1225 auctoris
998 1196 1148 1234 adlegavit.

274 1259 302 1287 4.
339 1256 503 1287 SCHOLIA
528 1256 575 1285 AD
604 1255 814 1285 VERGILIVM
839 1265 899 1284 nou
924 1255 1080 1290 Seu-viana,
1104 1256 1154 1284 sed
1179 1256 1326 1285 Serviauis
1350 1255 1444 1285 addita

190 1314 333 1347 quantum
359 1308 423 1343 vidi,
453 1317 512 1337 uno
537 1307 600 1337 solo
623 1307 688 1336 loco
713 1306 758 1344 (ad
781 1316 811 1346 p.
837 1308 885 1341 34,
912 1308 965 1341 11,
993 1307 1029 1335 cs.
1054 1306 1088 1335 ad
1111 1316 1139 1345 p.
1160 1308 1236 1341 151,
1256 1308 1282 1336 1.
1311 1307 1378 1342 153,
1397 1307 1447 1342 13)

190 1360 340 1389 Soliniana
363 1360 501 1389 afferunt.
548 1367 614 1387 nam
645 1359 679 1387 ad
704 1368 803 1397 georg.
827 1359 855 1393 2,
873 1359 933 1388 215
963 1358 1051 1387 verba
1075 1358 1179 1387 tradita
1203 1357 1320 1387 Solinus
1343 1362 1369 1387 et
1392 1357 1446 1387 Ni—

189 1410 293 1440 cander
316 1412 365 1449 qui
386 1411 419 1439 de
440 1410 483 1439 his
505 1410 588 1439 rebus
611 1411 786 1448 scripserunt
816 1413 955 1447 corrupta
986 1418 1049 1438 esse
1072 1409 1125 1437 viri
1148 1409 1226 1437 docti
1251 1412 1288 1445 (v.
1306 1409 1390 1438 Thilo
1412 1409 1446 1438 ad

189 1462 216 1491 h.
235 1462 266 1498 l.)
290 1466 370 1491 recte
393 1461 631 1490 observaverunt.

277 1524 304 1551 5.
342 1521 506 1551 SCHOLIA
529 1520 577 1549 AD
603 1519 780 1549 LVCANVM
805 1519 986 1557 antiquiora,
1018 1519 1129 1549 scilicet
1151 1519 1312 1549 Bernensia
1338 1519 1447 1557 aliquot

189 1573 262 1602 locis
281 1573 326 1608 (ad
344 1582 372 1611 p.
390 1573 440 1607 65,
460 1574 485 1602 1.
505 1572 573 1606 129,
593 1573 626 1605 1,
650 1571 686 1599 cf.
704 1579 732 1608 p.
753 1570 821 1604 153,
841 1572 888 1602 13.
908 1571 976 1605 192,
993 1571 1024 1608 9)
1041 1570 1144 1599 Solino
1160 1580 1210 1599 usa
1227 1575 1305 1599 sunt.
1344 1579 1448 1599 recen-

188 1624 263 1653 tiora
280 1624 369 1653 multa
387 1623 455 1652 inde
478 1622 596 1662 habent?
613 1630 628 1650 a
645 1630 691 1650 me
707 1622 768 1650 fere
785 1626 883 1659 spreta
906 1622 954 1658 (cf.
972 1621 1006 1650 ad
1024 1631 1052 1660 p.
1070 1622 1098 1657 6,
1116 1623 1143 1652 7.
1164 1622 1231 1657 142,
1250 1623 1277 1650 5.
1297 1622 1366 1656 147,
1386 1621 1446 1657 13).

188 1680 222 1706 ut
244 1675 344 1715 sperni
368 1678 531 1713 potuerunt
561 1672 664 1702 similia
689 1671 759 1701 inde
783 1672 875 1701 adlata
905 1681 920 1700 a
944 1671 1234 1701 MYTIIOGRAPHO
1256 1670 1445 1701 VATICANO

189 1726 308 1756 PRIMO
333 1726 379 1763 (ad
403 1734 431 1763 p.
450 1725 517 1759 142,
536 1725 576 1759 5).

277 1787 304 1816 6.
340 1783 560 1813 PBISCIANVS
590 1782 620 1811 in
646 1781 881 1811 institutionibus
903 1782 1099 1819 grammaticis
1128 1781 1245 1820 scriptis
1268 1781 1386 1811 saeculo
1409 1781 1444 1810 Vl

188 1837 312 1866 ineunte
336 1834 471 1874 pluribus
494 1834 566 1863 locis
590 1832 698 1862 diserte
722 1832 791 1863 citat
815 1832 964 1862 Solinum:
992 1836 1143 1871 praeterea
1168 1832 1313 1871 periegesi
1336 1832 1446 1871 Diony-

189 1888 287 1918 sianae
312 1887 415 1916 Latine
439 1894 454 1913 a
477 1894 507 1914 se
531 1893 631 1913 versae
662 1886 741 1919 (nain
766 1883 801 1912 de
826 1888 945 1913 auctore
974 1883 1044 1913 satis
1075 1883 1202 1920 constat)
1235 1892 1308 1922 quae
1332 1883 1445 1914 adiecit.

188 1938 373 1978 paucissimis
397 1935 527 1974 exceptis
559 1937 597 1971 (v.
624 1935 788 1966 185—187
819 1934 854 1963 de
885 1934 1016 1971 Didone;
1050 1944 1076 1963 v.
1100 1936 1160 1965 556
1191 1935 1226 1963 (le
1261 1934 1445 1969 Proconeso:

188 1999 215 2019 v.
234 1990 294 2020 772
318 1989 354 2018 de
377 1987 530 2026 Byzantio)
554 1986 652 2015 onmia
676 1986 760 2024 petiit
783 1995 817 2014 ex
841 1985 953 2015 Solino.

275 2059 303 2088 7.
338 2055 529 2086 IORDANES
560 2055 589 2084 in
621 2054 731 2083 Geticis
760 2054 844 2083 editis
873 2063 898 2083 a.
923 2042 985 2085 551'
1011 2054 1069 2084 sive
1097 2054 1132 2083 de
1163 2063 1215 2083 suo
1246 2052 1304 2082 sive
1328 2056 1446 2082 secutus

188 2113 339 2139 auctorem
371 2106 577 2137 Cassiodorum
605 2105 756 2135 Soliniana
787 2105 928 2144 quaedam
958 2105 1089 2135 adhibuit
1121 2104 1158 2142 (v.
1188 2104 1278 2143 praef.
1309 2103 1445 2133 editionis

188 2169 270 2190 meae
293 2169 322 2198 p.
340 2158 454 2195 XXXI).

1572 0 1593 223 ἶ

1582 223 1593 284 't
