1593 2409
787 85 876 112 XLIV

331 173 464 211 gallensi,
481 172 530 202 sed
545 172 653 201 absunt
667 182 739 210 quae
754 173 782 201 in
797 182 831 201 eo
845 177 1025 210 sequuntur;
1045 173 1222 212 subscriptio
1235 173 1322 202 haec:
1346 171 1461 210 eoeplz‘cit

329 222 538 263 f(e)l(i)c(1'ter)
552 221 610 264 [vel
623 222 653 262 f(
655 233 667 253 e
669 222 804 263 )l['icz'ter)
822 221 867 263 C.]
882 223 940 252 Iuli
952 223 1047 253 Solini
1057 226 1115 253 sive
1130 224 1321 262 yrammati'cz'.
1340 221 1350 263 ΙΙ
1367 221 1461 252 Iulius

332 275 448 304 Solinus
468 274 584 313 explicit
600 274 722 312 feliciter
737 275 831 304 studio
849 279 873 303 et
897 275 1045 313 diligentia
1061 284 1106 304 οη.
1125 276 1192 312 (scr.
1210 276 1235 304 d.
1253 275 1295 312 n.)
1316 274 1463 304 Theodosii

332 378 518 415 grammatici
531 376 669 415 polyistor
681 376 715 406 ab
729 378 788 414 ipso
801 376 892 405 edicas
904 382 928 405 et
940 378 1108 414 recognitus.
1147 376 1373 415 subscriptionis
1390 377 1461 410 eius,

332 437 407 466 quae
438 436 505 456 vere
538 427 642 465 triplex
673 432 715 456 est
744 427 878 456 classium
910 428 1013 461 trium,
1050 428 1144 466 prima
1175 437 1242 466 pars
1272 427 1389 467 emplz'cz't
1404 450 1411 457 .
1430 449 1437 456 .
1456 449 1463 456 .

333 480 517 518 grammatici
528 478 647 517 propria
661 482 704 507 est
717 478 816 507 classis
833 478 988 513 secundae,
1006 479 1089 507 tertia
1104 478 1226 516 feliciter
1240 502 1246 508 .
1261 501 1267 507 .
1283 480 1464 516 ,νεοορηὶιτιε

332 530 451 569 propria
476 529 600 558 familiae
629 529 833 567 interpolatae,
857 529 1030 567 interposita
1060 529 1181 558 totidem
1211 529 1306 559 verbis
1335 529 1410 558 redit
1432 529 1462 558 in

336 581 576 619 Heidelbergensi
601 580 700 610 classis
724 580 845 619 primae.
869 598 910 601 —
933 580 1139 610 Correctiones
1163 589 1266 609 manus
1290 580 1464 610 recentioris

334 634 422 662 factas
440 632 473 660 ad
499 631 629 661 codicem
655 631 778 660 familiae
801 631 949 660 secundae
973 631 1121 669 vulgarem
1147 640 1243 669 neque
1267 631 1326 660 ullo
1344 631 1464 660 nomine

332 683 539 713 memorabiles
557 682 708 720 suppressi
724 682 769 711 vel
785 686 864 710 certe
888 682 1072 720 supprimere
1094 682 1180 717 volui,
1204 691 1270 711 nam
1296 682 1324 711 in
1342 682 1464 711 adnota-

332 733 464 764 tionibus
481 742 640 772 paucarum
661 742 747 771 saepe
760 732 922 761 litterarum
935 733 969 761 ad
982 737 1105 762 aetatem
1118 733 1334 771 distinguendis
1347 732 1465 762 difficile

334 790 386 818 est,
412 794 448 814 ne
473 785 550 814 oculi
573 784 699 814 subinde
724 784 833 813 fallant.

206 846 246 875 92
271 855 300 874 n.
325 845 417 879 6811,
443 845 509 874 olim
534 844 716 879 Leodiensis,
741 853 816 873 saec.
830 843 905 872 XIII.
942 849 1022 873 caret
1045 843 1239 882 inscriptione
1263 848 1292 872 et
1314 842 1465 881 subscrip-

334 896 424 925 tione.

207 948 247 978 93
273 956 301 975 n.
326 947 409 977 6812
433 945 506 985 (sive
532 946 649 974 Barrois
674 946 730 982 89;
761 946 798 974 cf.
823 945 928 974 Delisle
959 955 1010 974 ms.
1034 945 1115 974 Libri
1142 950 1166 974 ec
1198 945 1318 974 Barrois
1340 954 1364 974 a.
1384 944 1464 975 1888

337 1007 365 1035 p.
383 998 457 1034 220)
481 1006 555 1025 saec.
580 995 721 1032 XllsXllt.
766 1000 846 1024 caret
869 995 1063 1034 inscriptione
1088 1000 1115 1025 et
1138 995 1365 1034 subscriptione.

208 1058 248 1087 94
273 1066 302 1085 n.
327 1057 409 1087 6813
434 1057 562 1095 scriptus
578 1060 610 1085 ut
626 1055 740 1084 videtur
756 1055 785 1084 in
804 1055 958 1084 Germania
985 1056 1063 1093 (nam
1089 1055 1117 1084 in
1142 1056 1201 1084 fine
1217 1055 1397 1093 adscriptum
1421 1058 1465 1084 est

338 1115 475 1145 Sassom'a
497 1115 637 1144 Alverslat
663 1116 763 1143 civitas
778 1114 928 1143 Rodanum
944 1106 1003 1153 pal.
1020 1114 1106 1143 Anall
1129 1116 1274 1150 castrum).
1314 1112 1466 1151 subscrip-

337 1167 377 1195 tio
406 1171 450 1195 est
473 1166 690 1195 Theodosiana:
722 1165 816 1194 Iulius
839 1165 954 1194 Solinus
977 1165 1093 1203 empli'et'c
1122 1165 1172 1203 fel.
1201 1170 1234 1194 st.
1259 1170 1284 1194 et
1307 1165 1332 1194 d.
1358 1165 1468 1194 domini

343 1217 389 1246 Th.
416 1220 476 1246 inv.
500 1227 544 1256 pr.
569 1216 711 1245 deliciunt
734 1216 811 1245 inter
835 1216 883 1245 fot.
911 1218 948 1247 10
973 1221 1002 1245 et
1028 1218 1061 1246 11
1089 1225 1117 1254 p.
1144 1217 1194 1251 69,
1215 1218 1251 1245 10
1271 1217 1391 1254 praeit.
1410 1238 1416 1244 .
1434 1237 1440 1244 .
1459 1238 1465 1244 .

342 1269 409 1302 122,
428 1270 446 1298 4
470 1269 560 1297 (tetur.

210 1321 250 1349 95
276 1329 303 1348 n.
322 1320 403 1349 6814
425 1328 500 1348 saec.
518 1318 590 1347 XIV.
626 1318 795 1356 inscriptio:
824 1316 853 1345 C.
870 1316 892 1346 I.
911 1317 940 1346 S.
957 1317 1328 1356 yrammacicipolipliyslor
1350 1316 1384 1346 ab
1407 1318 1466 1355 ipso

338 1371 378 1399 ed.
404 1376 428 1399 et
452 1379 506 1398 rec.
534 1370 566 1398 de
589 1371 646 1398 sicu
669 1378 692 1398 0.
717 1374 736 1397 τ.
761 1374 785 1397 et
809 1369 841 1397 (le
863 1370 936 1406 εἴπῃ.
962 1371 1027 1397 mi'r.
1053 1378 1076 1406 q.
1101 1370 1131 1397 in
1154 1378 1191 1397 m.
1211 1368 1368 1403 habentur;
1397 1367 1467 1396 sub-

341 1421 476 1460 scriptio:
507 1420 621 1459 eaeplici't
643 1419 766 1457 feliciter
789 1419 860 1448 liber
879 1421 1056 1458 perscriptus
1087 1418 1115 1448 C.
1139 1418 1162 1447 Ι.
1186 1418 1215 1447 S.
1238 1420 1297 1447 sive
1319 1419 1470 1456 gramatici

334 1472 456 1512 polz‘stor
485 1471 518 1500 ab
552 1473 611 1509 ipso
642 1471 682 1499 ecl.
707 1475 732 1498 et
763 1479 816 1499 rec.
847 1480 930 1499 amen
959 1479 1042 1499 amen
1070 1479 1160 1498 amen.
1210 1470 1291 1511 adest
1326 1469 1467 1508 praefatio

337 1523 446 1561 spuria.

210 1577 251 1606 96
276 1585 304 1604 n.
329 1575 412 1605 6815
438 1574 517 1612 (olim
544 1582 571 1601 n.
596 1574 691 1607 4917)
715 1581 790 1601 saec.
814 1571 886 1600 xlv.
921 1571 1116 1609 subscriptio:
1143 1570 1174 1600 C.
1190 1570 1214 1600 Ι.
1240 1570 1268 1600 S.
1292 1573 1350 1600 sive
1370 1579 1468 1608 yram-

339 1627 440 1655 maciei
459 1624 611 1663 polz'ln'stor
633 1623 667 1652 ab
690 1625 750 1661 ipso
775 1623 815 1652 etl.
839 1627 865 1651 et
887 1631 942 1651 rec.
991 1623 1022 1651 tle
1042 1624 1134 1660 posito
1159 1630 1184 1650 ο.
1208 1626 1227 1650 t.
1251 1627 1277 1651 et
1301 1622 1332 1650 de
1354 1631 1375 1651 s.
1400 1623 1467 1650 mir.

338 1687 361 1716 q.
380 1678 410 1705 in
426 1685 463 1704 m..
480 1675 636 1709 liabentur;
659 1673 854 1712 subscriptio:
879 1673 993 1712 eoeplicit
1009 1672 1058 1710 fel.
1076 1671 1146 1701 liber
1156 1674 1331 1711 perscriptus
1349 1671 1379 1701 C.
1396 1671 1418 1700 I.
1437 1671 1466 1701 S.

340 1730 398 1756 sive
420 1735 463 1764 qr.
486 1725 637 1764 polz'lzz'stor
659 1724 693 1753 ab
716 1726 776 1763 ipso
799 1724 839 1753 etl.
864 1729 889 1752 et
913 1733 967 1753 rec.
992 1723 1073 1752 adest
1096 1722 1236 1760 praefatio
1261 1722 1371 1761 spuria.

210 1788 250 1817 97
276 1796 306 1816 n.
331 1786 412 1816 6816
437 1794 512 1814 saec.
540 1784 610 1813 XIV.
653 1783 806 1821 inscriptio
830 1788 898 1812 ante
923 1782 1135 1821 praefationem
1161 1782 1337 1820 genuinam:
1368 1783 1469 1821 incipit

339 1837 410 1866 liber
439 1835 509 1865 Iulii
531 1835 626 1864 Solim·
648 1835 679 1863 de
703 1833 882 1863 mirabilibus
905 1833 1015 1863 mundi.
1057 1833 1138 1862 adest
1162 1834 1303 1872 praefatio
1328 1833 1438 1872 spuria.

212 1898 252 1928 98
278 1907 306 1926 n.
332 1896 413 1927 6817
439 1905 512 1925 saec.
538 1894 601 1929 XV,
635 1894 703 1923 olim
728 1893 832 1932 Papiae
863 1893 940 1931 apud
967 1893 1147 1928 Viscontios,
1178 1892 1283 1921 deinde
1306 1892 1336 1921 in
1361 1891 1468 1921 biblio—

341 1947 425 1975 theca
449 1945 692 1975 Fontainebleau.
728 1944 882 1982 inscriptio
902 1948 970 1973 ante
994 1943 1181 1972 laterculum:
1208 1943 1304 1972 tabula
1320 1941 1415 1971 Solim·
1437 1943 1469 1971 (Ie

340 1997 539 2032 mirabilibus
568 1996 762 2034 subscriptio:
794 1994 864 2024 liber
895 1994 991 2024 Solinz'
1019 1995 1050 2024 cle
1079 1995 1183 2023 nntndz‘
1209 1993 1388 2023 mirabilibus
1416 2001 1469 2022 ew-

338 2048 428 2087 plieil.
467 2047 566 2076 deficit
588 2047 671 2076 locus
695 2056 723 2084 p.
742 2048 768 2081 7,
789 2047 823 2076 11
851 2046 951 2084 quippe
1018 2067 1025 2074 .
1044 2045 1100 2080 8‚1
1127 2050 1237 2074 octauo.

213 2110 253 2140 99
279 2118 307 2138 n.
332 2108 411 2138 6831
439 2116 514 2136 saec.
538 2106 572 2142 X,
597 2106 664 2135 olim
691 2106 857 2139 Thuanerrs,
882 2104 987 2133 deinde
1005 2104 1126 2133 Pithoei.
1162 2103 1315 2142 inscriptio
1338 2107 1405 2142 post
1427 2103 1467 2132 la-

342 2158 505 2187 terculum:
531 2157 601 2187 Iulii
624 2156 719 2186 Solini
740 2155 862 2185 collectio
886 2164 984 2184 rerum
1006 2154 1212 2184 memoraln'um
1235 2151 1309 2195 [sic].
1356 2154 1384 2183 in
1409 2154 1469 2183 fine
