1593 2409
691 78 743 105 Vll

89 185 291 218 narrationem
331 180 365 208 de
397 175 493 216 pomis
524 165 778 202 cinerescentibus
809 159 928 191 Sodomi
965 161 992 186 et
1023 151 1158 184 Gomorri
1191 151 1229 186 (c.
1255 146 1348 180 35,s)

90 236 213 276 originis
239 232 361 263 omnino
386 227 537 260 ludaicae,
568 222 630 250 eius
661 217 763 248 notitia
789 215 844 244 iam
876 209 1024 241 invenitur
1056 214 1116 234 non
1147 201 1241 231 solum
1273 195 1348 236 apud

91 288 249 328 losephum
274 282 354 323 (bell.
380 280 441 309 lud.
460 279 487 312 4,
506 277 533 309 S,
552 275 593 310 4),
618 271 668 301 sed
693 269 778 298 etiam
803 263 879 303 apud
897 262 1000 300 ‘ipsum
1017 256 1151 286 Tacitum
1168 252 1247 290 (hist.
1266 251 1293 283 5,
1311 248 1351 284 7).

92 340 220 377 denique
253 335 334 365 citari
366 337 397 361 ut
433 333 536 359 testem
573 320 719 354 sermonis
748 316 844 347 Latini
875 312 1010 342 Solinum
1041 318 1054 337 a
1087 304 1239 335 l'risciano
1276 299 1353 332 facit,

97 402 132 422 ne
164 389 250 419 nimis
284 388 433 415 recentem
468 379 548 408 illum
584 374 758 404 habeamus:
795 371 972 405 quamquam
1007 359 1053 388 ille
1085 357 1199 393 adlegat
1222 351 1356 382 similiter

100 452 157 472 uon
182 440 276 470 solum
302 435 474 474 Ulpianum,
506 427 556 458 sed
587 425 673 455 etiam
698 419 883 451 Ammianum
909 418 937 443 et
960 410 1130 448 vegetium,
1161 405 1356 439 videnturque

100 493 222 523 omnino
253 492 388 518 auctores
418 484 447 513 in
479 478 588 510 scholis
612 472 759 513 Byzantiis
789 466 909 498 lectitati
940 469 969 492 et
999 458 1160 499 explanati,
1191 461 1319 493 quorum
1344 461 1359 479 e

103 552 225 575 numero
250 539 383 570 Solinum
414 533 503 563 fuisse
527 525 719 559 crediderim,
750 520 827 560 apud
852 516 1036 547 Priscianum
1061 508 1209 540 interdum
1235 514 1265 534 se
1289 502 1360 532 11151-

104 603 209 625 nuasse
232 593 309 621 inter
332 583 500 617 testimonia
524 583 677 610 auctorum
695 571 896 610 antiquiorum
922 571 951 595 ct
966 574 1033 594 vere
1051 564 1249 599 receptorum.
1289 562 1362 592 quae

106 645 204 676 omnia
227 643 296 672 licet
318 637 434 677 singula
458 635 575 664 infirma
599 629 672 662 sint,
696 631 794 655 tamen
819 620 978 651 coniuncta
1003 615 1047 644 vix
1071 611 1246 642 admittunt,
1274 611 1306 635 ut
1329 604 1364 632 ad

107 701 246 736 quartum
270 689 419 722 saeculum
444 685 579 714 Solinum
603 677 802 709 detrudamus.
819 689 859 694 -—
877 671 1058 708 Argumenta
1076 664 1139 698 alia,
1165 660 1272 699 quibus
1289 655 1366 686 docti

107 748 161 777 viri
185 744 280 775 Solini
305 745 429 772 aetatem
460 735 583 766 definire
613 730 668 761 sibi
697 727 750 757 visi
779 728 863 758 sunt,
895 729 961 750 vere
993 717 1119 747 certiora
1149 711 1257 742 indicia
1290 707 1367 737 nulla

108 796 308 838 suppeditant.
356 799 422 821 nam
447 786 526 827 quod
546 781 695 814 Dodwello
721 776 809 817 (apud
828 774 997 804 Hudsonem
1023 775 1125 807 geogr.
1150 764 1252 793 Graec.
1271 761 1299 793 2,
1317 758 1368 794 71)

110 851 140 881 in
165 852 293 879 mentem
316 843 397 873 venit
419 841 610 870 Artaxerxem
634 828 835 862 Hierichuntis
867 826 1099 863 expugnatorem
1131 817 1167 853 (0.
1187 815 1236 848 35,
1254 813 1283 848 7)
1308 818 1371 839 esse

112 902 175 932 eius
213 896 341 929 nominis
376 900 476 931 regem
507 889 683 918 Persarum,
719 884 823 910 contra
859 884 946 915 quem
983 871 1093 901 bellum
1130 866 1219 906 gessit
1249 864 1374 893 Severus

114 950 295 984 Alexander,
325 944 461 984 equidem
492 949 550 979 quo
582 936 727 976 pertineat
751 938 854 970 parum
878 924 1026 956 credibilis
1050 922 1097 951 illa
1121 920 1156 948 de
1180 914 1375 946 Iliericliunte

116 1002 245 1034 narratio
278 1008 338 1029 non
370 995 462 1033 magis
493 991 553 1021 scio
585 996 673 1026 quam
703 981 878 1014 Salmasius,
915 978 972 1006 11οο
1009 973 1069 1003 5010
1102 978 1198 1008 neque
1229 977 1244 996 a
1274 964 1376 994 Solino

117 1061 241 1092 usquam
273 1049 340 1079 talia
365 1046 446 1077 citari
470 1043 562 1083 ipsius
586 1042 679 1069 aetate
702 1039 782 1073 gesta
814 1039 910 1068 neque
938 1028 1119 1056 Artaxerxen
1144 1020 1226 1050 illum
1249 1015 1378 1054 attigisse

120 1103 325 1136 Palaestinam.
370 1096 475 1127 deinde
500 1092 579 1132 quod
603 1099 638 1120 ex
661 1089 726 1118 loco
744 1094 766 1116 0.
787 1085 837 1117 54,
856 1083 894 1112 13
917 1076 1075 1108 Salmasius
1106 1074 1136 1103 in
1161 1065 1381 1110 prolegomenis

123 1155 221 1187 effecit
246 1154 347 1182 Persas
371 1148 505 1178 Solinum
536 1141 666 1173 scribere
691 1136 834 1177 qnondam
859 1130 980 1161 Parthos
1010 1127 1173 1157 nominatos
1203 1130 1259 1151 esse
1283 1119 1382 1155 itaque

123 1207 227 1237 vixisse
251 1212 317 1233 eum
341 1201 523 1238 aliquantum
548 1197 615 1233 post
631 1191 772 1220 Severum
790 1182 998 1215 Alexandrum,
1023 1179 1079 1207 1100
1095 1177 1304 1214 argumentum
1328 1177 1383 1197 nec

126 1268 180 1299 per
210 1266 240 1286 se
264 1253 333 1284 satis
357 1252 475 1281 firmum
507 1251 599 1276 totum
624 1240 758 1274 evanuit,
790 1240 946 1276 postquam
970 1227 1143 1260 melioribus
1166 1224 1250 1254 libris
1274 1219 1386 1250 collatis

125 1307 302 1340 vocabulum
326 1302 403 1342 quod
427 1303 471 1329 est
493 1296 652 1337 quondam,
676 1292 705 1321 in
730 1299 789 1328 quo
815 1292 873 1317 tota
897 1294 945 1314 res
968 1281 1108 1315 vertitur,
1140 1276 1320 1316 patefactum
1345 1274 1388 1299 est

129 1358 277 1401 proficisci
301 1355 336 1385 ab
360 1350 587 1390 interpolatore:
618 1344 697 1374 unde
727 1342 783 1371 iam
812 1340 933 1378 apparet
962 1334 1121 1363 Persarum
1152 1326 1389 1360 Parthorumque

133 1412 253 1443 nomina
266 1408 399 1439 Solinum
414 1412 473 1432 non
488 1400 572 1430 aliter
584 1403 729 1434 usurpare
741 1396 828 1429 atque
842 1390 998 1426 usurparat
1012 1383 1133 1413 Plinius.
1165 1377 1262 1418 paullo
1276 1373 1392 1414 gravius

132 1462 273 1494 indicium
290 1456 413 1498 praebet
431 1453 509 1493 quod
528 1450 650 1479 Solinus
667 1456 691 1476 0.
710 1447 759 1479 50,
778 1444 796 1473 2
815 1441 947 1470 referens
964 1435 1096 1466 Pliniana
1114 1433 1154 1469 (6,
1172 1431 1223 1466 54)
1241 1428 1275 1457 de
1292 1424 1394 1456 sericis

134 1519 336 1545 matronarum
365 1505 494 1536 vestibus
523 1501 601 1531 addit
629 1507 709 1528 nunc
736 1495 823 1524 etiam
850 1491 927 1520 viros
954 1488 988 1517 iis
1017 1486 1074 1516 uti:
1112 1479 1285 1512 lmlosericis
1316 1480 1395 1505 certe

136 1566 249 1606 primus
266 1562 467 1591 Romanorum
484 1563 555 1583 usus
579 1559 641 1580 esse
665 1549 758 1577 fertur
775 1541 948 1582 Elagabalus
965 1535 1158 1576 (218—222)
1182 1536 1255 1561 teste
1280 1529 1397 1565 biogra—

138 1617 198 1656 pho
223 1617 260 1652 (c.
277 1613 317 1643 26
342 1611 379 1640 01.
404 1608 459 1637 vita
483 1606 547 1635 Sev.
566 1602 646 1632 Alex.
665 1601 719 1635 4Ο;
743 1597 799 1626 vita
822 1594 891 1623 Tae.
911 1594 965 1627 10;
990 1589 1042 1619 Dio
1067 1588 1117 1621 43,
1135 1585 1206 1621 24),
1236 1581 1305 1610 licet
1328 1577 1398 1608 snb-

139 1667 249 1698 sericae
274 1663 360 1693 etiam
383 1659 452 1689 viris
475 1660 559 1687 antea
584 1653 613 1682 in
640 1659 693 1680 usu
718 1648 807 1677 fuisse
824 1645 978 1674 videantur
1002 1649 1056 1669 nec
1080 1638 1128 1666 11111
1153 1635 1340 1664 observatum
1364 1628 1402 1657 sit

141 1713 431 1749 senatusconsultum
456 1719 480 1738 a.
504 1717 533 1747 p.
558 1705 588 1735 C.
610 1705 646 1734 16
670 1702 777 1731 sactum
802 1697 882 1734 (Tac.
907 1703 976 1723 ann.
993 1693 1024 1726 2,
1042 1691 1099 1723 332
1124 1687 1177 1717 Dio
1203 1686 1253 1719 57,
1275 1682 1339 1719 15),
1365 1688 1402 1708 ne

143 1774 223 1800 veste
246 1766 338 1797 serica
364 1763 415 1792 viri
440 1763 595 1791 uterentur
611 1755 746 1791 (Sueton.
764 1749 826 1780 Gai.
841 1748 896 1782 52;
922 1745 973 1774 Dio
993 1744 1042 1777 59,
1057 1742 1113 1776 263
1138 1736 1249 1768 Becker
1273 1734 1302 1762 in
1321 1730 1402 1760 Gallo

146 1822 175 1857 3,
194 1820 277 1856 156).
321 1816 367 1845 1115
390 1813 463 1843 adde
487 1818 562 1849 quae
585 1810 689 1836 auctor
711 1801 814 1833 scribit
836 1799 872 1828 de
895 1795 1014 1827 camelis
1037 1797 1104 1832 post
1127 1786 1349 1819 translationem
1375 1782 1404 1810 in

149 1870 306 1912 peregrina
330 1868 392 1896 loca
415 1862 498 1893 facile
522 1858 642 1890 morbos
666 1852 853 1885 trahentibus
869 1851 906 1888 (c.
924 1849 974 1882 49,
994 1846 1054 1882 11),
1078 1843 1113 1871 de
1137 1839 1207 1870 circi
1231 1833 1407 1876 spectaculis

149 1929 294 1962 equorum
317 1920 355 1957 (c.
373 1918 422 1951 45,
442 1914 503 1950 12),
527 1910 665 1948 denique,
689 1907 712 1936 si
736 1905 840 1944 placet,
865 1899 988 1930 senilem
1004 1901 1171 1933 temporum
1190 1898 1264 1929 quae
1290 1887 1409 1916 suerunt

153 1972 379 2005 admi.ationem
396 1971 425 1996 et
440 1965 485 1995 5111
502 1962 563 1992 aevi
580 1958 828 1997 obiurgationcm,
846 1961 903 1991 quo
922 1947 1047 1987 exempli
1065 1954 1151 1975 causa
1170 1950 1255 1972 nemo
1274 1941 1411 1968 nascatur

155 2035 215 2056 non
240 2023 339 2053 minor
362 2015 535 2058 parentibus
557 2012 618 2042 suis
641 2011 680 2048 (0.
699 2011 726 2044 1,
743 2008 812 2044 90):
844 2001 967 2033 habebis
990 2008 1061 2030 sane
1084 1994 1211 2026 labentis
1234 1989 1342 2022 saeculi
1368 1988 1413 2016 in-

156 2077 231 2106 dicia
262 2083 317 2104 nec
346 2070 434 2101 dubia
465 2075 520 2096 nec
549 2072 642 2104 pauca
672 2059 822 2098 magisque
852 2055 939 2093 digna
964 2048 1111 2081 Valeriani
1141 2052 1169 2076 et
1193 2041 1316 2074 Gallieni
1340 2045 1414 2068 tem-

160 2126 283 2167 poribus
315 2131 402 2162 quam
426 2117 663 2149 Antoninorum,
693 2115 726 2140 ut
748 2114 845 2139 tamen
877 2105 912 2135 ad
944 2102 1069 2133 certiora
1100 2095 1239 2138 progredi
1262 2093 1308 2121 vix
1331 2091 1417 2120 liceat

163 2181 286 2217 propter
309 2175 403 2213 ipsam
426 2167 554 2200 auctoris
578 2165 746 2196 exilitatem.
