1593 2409
643 98 762 127 XXXIX

207 193 430 235 scriptionem):
460 192 560 230 incipit
592 188 708 218 Solinus
738 186 770 215 de
800 181 982 214 mirabilibus
1009 178 1127 213 mimdi;
1161 174 1343 213 subscriptio

210 246 431 277 Theodosiana:
458 243 481 272 Ι.
507 242 535 271 S.
557 240 632 279 ecepl.
655 244 690 268 st.
714 243 739 267 et
762 237 788 266 cl.
816 234 864 264 Th.
888 236 947 263 inv.
969 241 1014 271 pr.

83 304 123 334 53
147 300 246 340 regius
272 300 320 330 15.
354 297 386 326 Β.
416 295 441 324 II
465 303 540 323 saec.
564 290 705 329 xltsxllt.
751 285 906 324 inscriptio
931 283 1020 317 nulla,
1044 279 1222 318 subscriptio
1247 276 1345 305 Theo-

213 350 348 381 dosiana:
378 347 401 377 Ι.
427 345 455 375 S.
480 344 555 384 ewpl.
578 342 627 382 sel.
652 346 686 371 st.
714 345 739 370 et
762 340 788 368 d.
817 337 928 367 domini
954 333 1002 363 Th.
1028 335 1087 361 inv.
1110 341 1156 370 pr.
1189 328 1347 359 benedictus

214 403 263 432 deo
286 409 379 431 amen.

88 458 127 486 54
151 454 250 493 regius
278 455 324 483 15.
349 451 380 480 Β.
404 448 443 478 XI
466 455 541 477 saec.
565 442 706 480 xllsxul.
745 439 899 478 inscriptio
924 436 1020 470 nulla;
1050 431 1228 470 subscriptio
1253 429 1351 458 Theo-

219 503 357 534 dosiana:
383 500 405 530 I.
430 499 460 528 S.
486 497 561 537 empl.
585 501 619 525 st.
644 504 675 524 ac
699 493 724 522 d.
749 491 850 520 domni
875 488 923 518 Th.
947 490 1006 518 inv.
1027 494 1074 525 pr.

91 560 131 590 55
156 556 222 587 add.
248 556 350 586 12014
374 561 449 582 saec.
465 548 525 578 XV.
563 544 733 583 inscriptio:
762 542 791 572 C.
808 541 880 571 Iulii
896 539 991 569 Solini
1012 536 1166 575 gramatici
1186 531 1351 572 polihistori

219 606 254 636 ab
278 607 339 644 ipso
362 603 453 632 editus
476 605 501 630 et
524 598 686 636 recoynitus
709 595 742 624 de
765 595 822 623 situ
846 602 872 622 o.
893 597 912 621 t.
933 596 958 620 et
983 590 1014 619 de
1037 598 1059 617 s.
1082 597 1119 616 m.
1143 596 1169 625 q.
1193 586 1224 613 in
1247 593 1285 612 m.
1301 581 1352 611 Ῐια-

220 658 330 687 bentur.
369 653 451 682 adest
474 649 617 690 praefatio
640 646 750 686 spuria.

94 712 134 743 56
157 710 222 740 add.
249 707 350 740 17409
375 714 432 735 scr.
456 712 482 732 a.
509 701 591 733 1416
621 708 635 728 a
667 697 835 727 Baldassare
866 693 970 723 Rubeo
1002 692 1063 721 cive
1092 687 1264 726 Ian(uensi).
1312 684 1357 713 iu-

223 758 360 797 scriptio:
389 755 419 786 C.
442 754 514 784 Iulii
536 752 631 782 Solini
652 749 805 788 gramatici
825 745 977 786 polihistor
1006 742 1040 772 ab
1064 744 1123 780 ipso
1148 739 1241 768 editus
1263 741 1288 765 et
1312 744 1357 764 re-

225 812 370 850 coquinis,
401 803 598 843 subscriptio:
630 800 700 830 Iulii
722 798 818 828 Solini
847 797 879 826 de
901 798 959 825 sitii
983 805 1008 825 ο.
1032 799 1051 823 t.
1076 797 1101 822 et
1125 791 1156 820 (le
1179 800 1201 819 s.
1227 799 1264 818 m.
1289 796 1359 826 quae

225 864 257 892 in
279 871 317 891 m.
341 859 483 889 habentur
507 856 577 885 liber
600 852 723 892 feliciter
746 849 873 888 eoeplicit.
913 847 993 876 adest
1018 842 1161 884 praefatio
1186 839 1295 879 spuria.

99 917 139 947 57
163 914 228 944 add.
255 913 358 944 18315
382 919 459 940 saec.
482 906 559 936 XIII.
598 902 752 942 inscriptio
777 905 805 929 et
828 897 1023 936 subscriptio:
1053 894 1179 933 Solynns
1202 892 1234 921 cle
1256 892 1314 920 situ
1338 898 1363 918 o.

226 969 246 994 t.
271 968 296 993 et
317 960 500 992 mirabilibus
523 956 633 987 mundi.
672 953 753 983 adest
777 950 919 990 praefatio
944 947 1054 988 spuria.

100 1019 140 1050 58
164 1016 229 1047 add.
247 1014 351 1047 30898
375 1021 452 1042 saec,
468 1009 545 1039 XIII.
584 1005 753 1044 inscriptio:
786 1003 887 1041 incipit
911 1000 982 1030 liber
1004 997 1110 1027 Flactii
1138 996 1185 1032 (ex
1209 995 1246 1032 slc
1263 1007 1303 1017 =
1319 992 1365 1030 fe-

230 1067 333 1103 liciter)
360 1064 426 1094 Gaii
448 1061 519 1091 Iulii
539 1059 635 1089 Sotim·
657 1055 849 1095 yrammatici.

104 1120 181 1152 58Α
215 1118 284 1148 olim
307 1114 517 1147 Askewianus,
548 1109 654 1139 deinde
685 1116 738 1146 per
765 1115 790 1134 a.
816 1102 1026 1134 1785—1885
1057 1098 1135 1138 apud
1166 1094 1368 1126 Woodhullos,

234 1177 331 1207 nuper
367 1166 443 1205 apud
479 1162 591 1193 Howell
622 1159 718 1192 Wills,
756 1156 843 1186 hodie
873 1153 951 1193 apud
982 1150 1140 1187 Quarritch
1179 1145 1368 1185 bibliopolam

234 1218 467 1250 Londiniensem
496 1213 620 1245 venalis,
651 1219 727 1240 saec.
752 1208 811 1237 XV.
860 1205 1037 1243 inscriptus:
1068 1202 1168 1240 incipit
1199 1199 1269 1228 liber
1301 1196 1373 1226 Iulii

237 1271 332 1301 Solini
354 1270 386 1299 cle
408 1269 466 1298 sitii
489 1276 515 1296 o.
531 1270 550 1294 t.
570 1269 595 1294 et
619 1263 651 1292 de
667 1272 688 1291 s.
705 1271 743 1290 m.
761 1270 784 1299 q.
809 1260 840 1288 in
863 1256 971 1287 mundo
994 1255 1144 1287 habentur,
1168 1248 1371 1287 subscriptus:

237 1324 285 1353 deo
315 1322 424 1360 gracias
452 1317 545 1348 Iulius
575 1315 693 1344 Solinus
723 1310 839 1351 explicit
869 1308 992 1346 feliciter
1025 1305 1119 1336 studio
1150 1308 1175 1332 et
1205 1302 1230 1331 d.
1263 1300 1375 1329 domini

242 1373 392 1404 leeodosii
416 1368 600 1400 invictissimi
619 1365 770 1405 principis.
808 1361 874 1390 huic
891 1361 971 1398 operi
992 1358 1087 1386 visum
1109 1355 1254 1393 fugientes
1274 1352 1374 1390 ponite

244 1426 389 1456 Christum
404 1430 459 1461 pro
482 1421 619 1458 scriptore
640 1416 739 1456 polum
760 1413 883 1453 prendat
906 1416 937 1440 ut
961 1412 992 1439 in
1011 1408 1187 1448 praemium.
1232 1402 1320 1432 Will's
1344 1401 1376 1430 ‹Ie

244 1475 364 1507 Praedia
388 1482 431 1502 nie
454 1473 578 1510 scripsit.

200 1524 413 1559 MEDIOLANI

119 1584 158 1614 59
183 1579 395 1611 Ambrosianus
424 1575 447 1603 A
471 1574 533 1604 226
564 1572 616 1600 ins.
646 1579 721 1600 saec.
744 1567 818 1596 XIV.
870 1563 1024 1601 inscriptio
1055 1560 1155 1594 nullas
1185 1555 1380 1594 subscriptio:

245 1629 398 1670 polihistor
426 1625 461 1655 ab
490 1626 551 1663 ipso
583 1623 674 1652 editus
705 1625 730 1650 et
753 1619 915 1656 recoynitus
943 1614 1067 1653 feliciter
1096 1610 1169 1640 liber
1198 1610 1320 1647 scriptus
1349 1605 1383 1635 C.

247 1680 319 1711 Iulii
341 1678 436 1709 Solz'nz·
457 1678 516 1706 sive
538 1674 699 1713 gramatici.
744 1670 825 1699 adest
854 1666 997 1707 praefatio
1030 1662 1140 1703 spuria.
1186 1661 1309 1689 fortasse
1333 1657 1384 1686 ‹le-

249 1732 377 1770 scriptus
401 1738 437 1758 ex
460 1738 490 1757 n.
511 1727 561 1757 60.

124 1787 163 1817 60
188 1782 402 1814 Ambrosianus
429 1780 450 1809 C
473 1780 512 1810 99
544 1777 596 1806 inf.
620 1784 695 1805 saec.
718 1773 753 1803 X.
800 1769 954 1809 inscriptio
978 1772 1046 1798 aute
1069 1763 1283 1805 praefationem
1314 1768 1386 1798 spu-

254 1834 343 1864 riam:
370 1832 400 1862 C.
418 1830 489 1861 Iulii
504 1828 599 1858 Solini
621 1829 678 1856 sive
700 1824 885 1864 grammatici
905 1820 1070 1861 polihistore
1089 1817 1123 1847 ab
1139 1819 1200 1855 ipso
1225 1814 1266 1843 ed.
1290 1817 1314 1841 et
1331 1820 1385 1840 rec.

255 1886 287 1915 de
310 1886 367 1914 situ
391 1892 417 1912 0.
440 1887 460 1911 t.
484 1885 511 1910 et
539 1881 571 1909 de
593 1889 614 1907 S.
638 1879 705 1907 mir.
730 1886 754 1915 q.
779 1877 810 1904 in
833 1884 870 1904 m.
894 1872 1049 1905 habentur3
1077 1866 1279 1904 subscriptum
1302 1871 1389 1902 prae-

258 1935 359 1966 fationi
384 1932 546 1973 genuinae:
571 1929 687 1969 eoeplicit
707 1926 846 1967 prologus
870 1924 939 1954 libri
961 1922 1032 1952 Iulii
1054 1920 1150 1950 Solini
1172 1918 1204 1947 (Ie
1226 1926 1249 1947 s.
1272 1916 1340 1944 mir.
1365 1923 1390 1951 q.

257 1990 289 2018 in
312 1996 350 2017 m.
374 1984 532 2018 habentur;
561 1979 762 2018 subscriptum
794 1977 885 2006 libro:
916 1974 1038 2014 feliciter
1061 1971 1132 2001 liber
1158 1969 1336 2009 perscriptus
1362 1963 1392 1992 C.

260 2038 282 2069 I.
308 2037 337 2067 S.
361 2038 420 2066 sive
442 2033 626 2074 grammatici
644 2030 798 2070 poliltistor
820 2028 854 2057 ab
877 2028 938 2066 ipso
962 2025 1004 2054 ecl.
1028 2029 1052 2053 et
1076 2031 1130 2052 rec.
1174 2020 1256 2050 adest
1278 2016 1393 2057 praesa-

260 2090 300 2119 tio
325 2087 435 2127 spuria.

138 2144 175 2173 61
202 2140 414 2172 Ambrosianus
438 2138 459 2167 C
483 2137 544 2167 246
570 2135 621 2164 inf.
646 2141 721 2162 sace.
747 2130 823 2160 XIII.
868 2127 1022 2166 inscriptio
1050 2130 1117 2155 ante
1148 2120 1323 2152 laterculum
1348 2127 1396 2146 ca-

266 2192 375 2231 pitum:
410 2190 477 2220 Gaii
498 2187 521 2217 I.
546 2186 575 2215 S.
598 2183 816 2224 polilzystorrois
844 2177 908 2222 [sic]
939 2181 997 2208 sice
1020 2176 1189 2207 collectanea
1216 2180 1315 2201 rerum
1337 2178 1397 2199 me-
