1706 2446
794 85 833 114 95

198 181 209 205 1
234 185 379 205 sexenues
393 180 573 213 perseverat:
588 174 727 212 deinceps
741 174 943 202 numerosiora
959 183 1016 202 non
1031 179 1155 212 possunt
1167 173 1360 206 fierieornua,
1374 180 1442 210 pos—

0 237 34 258 2L.
52 227 80 262 8,
103 229 158 258 117
197 233 210 257 2
232 224 495 266 sunterassiorazll
507 235 581 264 quae
594 225 712 263 quidem
726 225 1175 263 castratisnumquamcreseunt
1190 233 1244 253 nec
1258 229 1355 252 tamen
1365 223 1443 252 deci·
1468 216 1518 254 19,
1545 219 1584 248 14

0 289 33 309 ³1„
53 279 79 313 8,
100 280 159 310 116
196 284 210 307 3
232 278 315 307 dunt.
333 277 342 318 ll
352 278 455 307 dentes
469 280 839 311 monstrantsenectutem,
856 285 922 305 cum
935 280 984 304 aut
996 275 1082 314 pauci
1095 275 1347 304 inveniunturaut
1361 274 1442 303 nulli.
1470 271 1507 300 15

0 340 35 360 ἰ.
53 331 80 364 8,
101 331 159 361 118
197 336 210 359 4
232 329 420 370 ”serpentem
440 329 577 358 hauriunt
591 334 619 358 et.
635 328 739 366 spiritu
755 327 868 356 narium
884 326 1042 355 extrahunt
1058 326 1092 355 de
1110 326 1228 355 latebris
1242 334 1443 355 cavernarum.

12 391 57 411 PL.
74 381 103 416 8,
121 383 160 413 97
198 387 211 410 5
234 379 242 421 Η
258 381 438 410 dictamnum
455 380 508 418 ipsi
535 379 738 418 prodiderunt,
762 378 830 407 dum
855 388 889 407 eo
914 377 989 416 pasti
1014 377 1168 406 excutiunt
1183 382 1303 415 accepta
1327 377 1392 405 tela.
1437 374 1446 415 ss

0 442 37 462 .³1,.
56 433 160 467 8,101
201 438 215 461 6
237 431 358 461 horbam
390 440 508 470 quoque
538 440 624 469 quam
656 430 785 459 cinarein
818 434 922 458 vocant
951 434 1053 457 contra
1079 428 1163 457 noxia
1188 429 1279 457 edunt
1302 428 1443 467 gramina.
1471 424 1509 453 16

0 493 26 513 12.
42 484 163 516 28.15o
202 489 214 512 ἵ
236 482 244 523 ll
260 483 398 512 adversus
420 491 534 511 venena
559 481 714 510 mirificum
739 486 782 510 est
805 481 917 510 innulei
935 480 1089 519 coagulum
1108 480 1196 509 occisi
1214 480 1241 508 in
1261 480 1361 509 matris
1377 488 1446 509 suae

0 541 164 566 L.8‚119.soL.
201 540 215 563 S
239 539 331 564 utero,
363 532 374 573 ΙΙ
391 533 485 572 patuit
509 541 668 571 numquam
693 542 743 562 eos
767 532 942 567 febrescere⁷
961 530 971 571 H
989 541 1075 570 quam
1107 531 1144 560 ob
1169 540 1285 561 oausam
1311 532 1444 560 confecta

201 592 215 615 9
237 595 272 614 ex
295 584 430 614 medullis
459 584 590 622 ipsorum
614 584 745 622 unguina
777 584 880 612 sedant
902 583 1015 612 calores
1045 582 1198 612 hominum
1230 581 1445 621 languentium.

0 647 38 667 η.
56 638 84 671 8,
106 639 164 669 119
189 641 216 665 10
237 635 385 677 [llegimus
400 635 544 674 plurimos
560 635 713 665 matutinis
736 635 839 664 diebus
856 634 1002 663 cervinam
1022 643 1141 663 carnem
1166 635 1321 672 degustare
1345 632 1445 662 solitos
1472 629 1508 658 17

188 692 214 717 11
238 688 301 717 sine
325 687 456 716 febribus
479 687 637 725 longaevos
661 686 767 716 fuisse:
792 686 869 724 quod
895 686 1012 714 demum
1038 685 1170 724 proderit
1192 685 1216 715 si
1241 694 1300 713 uuo
1325 684 1446 712 vulnere

188 744 215 768 12
237 739 349 768 fuerint
377 738 557 777 interempti.
603 739 636 767 ad
670 737 880 767 dinoscendam
916 736 1095 766 vivacitatem
1125 736 1291 765 Alexander
1325 735 1447 774 Magnus
1474 730 1511 760 18

189 796 216 820 13
239 796 359 828 torques
388 789 523 828 plurimis
552 789 645 819 cervis
677 789 825 824 innexuit,
854 788 903 826 qui
927 793 993 826 post
1016 797 1126 816 annum
1152 787 1345 817 centesimum
1370 786 1446 825 capti

104 851 165 871 sor„
189 847 216 870 14
237 840 245 881 ΙΙ
261 841 387 870 necdum
411 841 484 870 senii
509 841 648 870 indicium
674 840 890 879 praeferebant.

0 903 37 923 PL.
56 894 84 928 S,
105 894 163 924 120
186 898 214 922 15
321 891 330 933 ll
353 892 461 922 Eadem
492 901 586 931 paene
617 892 715 930 specie
745 896 815 921 sunt
844 900 919 929 quos
948 891 1134 929 tragelaphos
1157 891 1275 924 dicunt,
1305 890 1354 919 sed
1386 899 1445 918 non
1474 886 1512 915 19

189 948 217 973 16
239 943 305 972 alibi
330 953 418 982 quam
436 944 512 973 cirea
530 943 684 972 l'hasidem
707 947 867 981 apparent:
893 946 1006 971 tantum
1032 942 1111 980 quod
1135 942 1174 971 illi
1196 941 1313 970 villosos
1337 940 1448 969 habent

190 1000 216 1023 17
239 1004 336 1024 armos
360 1000 388 1023 et
411 1000 508 1024 menta
535 994 685 1033 promissis
709 994 783 1023 hirta
807 993 915 1023 barbis.

19 1057 62 1076 PL.
81 1049 108 1082 4,
125 1047 165 1078 96
190 1051 217 1075 IS
324 1044 332 1085 ss
349 1045 434 1075 Mons
451 1046 542 1074 Saevo
560 1045 622 1083 ipse
640 1045 746 1083 ingens
763 1054 818 1074 neo
835 1045 973 1083 Riphaeis
987 1045 1085 1073 minor
1101 1044 1225 1073 collibus
1242 1043 1357 1073 initium
1375 1042 1448 1071 Ger·
1471 1036 1522 1074 20,
1551 1040 1564 1068 1

189 1102 217 1125 19
241 1097 352 1125 maniae
375 1097 452 1126 facit.
498 1096 683 1134 lnguaeones
699 1101 812 1131 tenent,
835 1106 849 1125 a
867 1096 975 1134 quibus
999 1096 1100 1134 primis
1117 1100 1184 1134 post
1200 1095 1321 1134 Scythas
1338 1104 1446 1123 nomeu

108 1158 168 1179 SOL.
193 1153 220 1177 20
243 1147 450 1177 Germanicum
475 1147 636 1185 consurgit.
676 1146 686 1187 ΙΙ
704 1148 782 1177 dives
807 1148 898 1177 virum
924 1153 1008 1182 terra,
1037 1149 1178 1185 frequens
1205 1146 1322 1185 populis
1346 1154 1450 1174 nume·
1474 1145 1493 1174 2

273 1222 378 1249 RCNH
395 1222 482 1253 LMG(
490 1222 522 1253 B)
540 1222 614 1248 SAP

275 1274 297 1292 υ.
317 1266 331 1291 3
351 1266 504 1299 serpentem
516 1280 547 1283 —
560 1267 573 1289 5
593 1265 660 1291 tela:
684 1265 785 1291 similia
803 1264 929 1291 Isidorus
955 1267 994 1297 12,
1010 1268 1031 1296 1,
1048 1266 1077 1291 18
1099 1267 1138 1297 17,
1152 1267 1176 1294 9,
1190 1266 1221 1290 29
1241 1263 1393 1298 compilans
1411 1266 1450 1291 (ul

189 1308 295 1334 monuit
304 1306 425 1338 Dressel)
440 1315 499 1333 cnm
510 1306 606 1333 Solimo
619 1309 681 1333 ilem
694 1308 820 1342 Oriqenis
831 1308 859 1334 in
870 1311 942 1334 cant.
957 1312 1028 1335 canc.
1042 1308 1192 1333 versionem
1204 1306 1450 1340 Hieronymiamon

190 1352 264 1385 (opp.
289 1350 341 1377 vol.
361 1352 375 1375 3
398 1359 427 1385 p.
442 1352 490 1376 528
515 1349 596 1382 Vall.)
683 1358 706 1376 v.
730 1352 759 1376 15
779 1350 915 1376 eadem—
929 1353 956 1376 17
978 1350 1069 1376 barbis
1088 1350 1245 1385 compilavit
1264 1348 1390 1375 Isidorus
1412 1350 1450 1379 12,

193 1396 214 1424 1,
228 1395 259 1419 20
329 1402 353 1420 v.
375 1396 406 1418 20
425 1393 498 1419 dives
511 1408 540 1411 —-
552 1395 593 1425 96,
610 1395 619 1418 1
641 1393 794 1419 inmanibus
813 1393 971 1427 compilavit
990 1392 1115 1419 Isidorus
1131 1395 1169 1423 14,
1185 1395 1208 1424 4,
1222 1395 1246 1418 4.

280 1463 288 1485 1
318 1463 460 1492 sexennes]
481 1468 528 1486 sex
546 1468 652 1487 menses
671 1462 704 1487 &2
774 1464 929 1494 perseueret
947 1460 981 1487 M
1046 1460 1223 1486 numerisiora
1242 1460 1270 1485 lv
1338 1460 1452 1492 possunt

190 1503 324 1529 crassiora
341 1503 484 1535 (grassiora
504 1503 545 1534 L)]
565 1502 729 1535 LMGSAP,
747 1503 882 1531 crassiora
901 1509 960 1535 (om.
980 1505 1104 1537 possunt)
1122 1501 1227 1528 RCNH
1315 1503 1329 1527 2
1349 1504 1452 1528 castra-

190 1546 236 1571 tus
255 1544 291 1576 L,
311 1546 435 1571 crastatis
454 1545 488 1573 R.
508 1548 566 1572 cast
578 1557 589 1569 κ
603 1557 614 1569 ἢν
626 1546 678 1572 atis
700 1545 729 1572 0¹
800 1548 814 1572 3
833 1548 994 1577 monstrant]
1013 1545 1133 1572 indicant
1152 1544 1196 1570 SA
1258 1548 1272 1570 4
1292 1546 1452 1577 serpentem]

192 1589 330 1621 serpentes
349 1587 422 1614 SAP
490 1591 504 1613 5
523 1589 682 1622 diptannum
701 1591 729 1616 H
797 1596 830 1614 ex
849 1591 889 1619 eo]
915 1588 963 1613 SP
985 1591 1081 1614 contro
1101 1587 1237 1614 Isidorum
1309 1589 1323 1612 6
1343 1586 1453 1613 cinaren

194 1630 251 1661 HS,
271 1631 381 1657 eiranen
395 1632 426 1662 A,
452 1631 567 1657 cinerem
581 1631 624 1663 ΡΙ,
645 1632 735 1658 cinare
750 1631 782 1658 M
848 1639 920 1657 noxa
939 1631 963 1657 R
1032 1638 1141 1663 gramen
1161 1630 1204 1656 SA
1276 1632 1289 1655 7
1309 1629 1452 1656 aduersum

191 1673 302 1700 L2SAP
377 1673 526 1705 mirificum]
545 1674 662 1700 trificum
681 1674 706 1700 R
784 1676 826 1700 est
843 1682 894 1700 om.
915 1674 959 1700 SA
1038 1673 1123 1699 hinuli
1144 1672 1201 1702 CH,
1225 1672 1311 1698 innuli
1330 1672 1364 1702 R,
1384 1671 1452 1705 hyn-

192 1716 248 1742 nuli
266 1717 290 1742 A
390 1717 539 1749 coagulum]
565 1717 710 1751 quagulum
729 1716 772 1746 M,
797 1717 936 1743 corculum
956 1716 992 1742 Ρ2
1015 1720 1112 1742 conlra
1131 1715 1250 1742 Plinium
1349 1715 1377 1740 in
1400 1722 1451 1740 vm.

193 1759 276 1785 RNH
351 1767 416 1786 suae
429 1768 480 1786 om.
494 1760 517 1786 Α
589 1762 603 1785 8
616 1763 722 1786 uterum
736 1759 766 1785 N
832 1758 923 1792 paruit
936 1758 969 1785 M
1036 1759 1169 1790 confecta]
1184 1766 1238 1784 non
1257 1757 1328 1784 secta
1341 1756 1384 1783 Ma

193 1804 208 1827 9
228 1802 348 1835 ipsorum
367 1801 385 1828 I
401 1801 579 1834 (RCNHSA),
598 1810 691 1829 eorum
710 1801 746 1828 ΙΙ
759 1800 885 1833 (LMGP)
957 1804 986 1827 10
1005 1801 1115 1835 legimos
1135 1801 1163 1827 Ν
1230 1801 1348 1827 matnnis
1369 1800 1389 1825 G

194 1845 289 1871 solitus
302 1844 325 1871 L
397 1847 424 1870 11
441 1845 521 1879 quod]
536 1853 604 1878 quae
618 1844 663 1871 SA
732 1845 859 1878 proderet
872 1847 913 1871 Ha
978 1845 1053 1871 uuln.
1068 1844 1146 1875 fuer]
1160 1844 1179 1870 f.
1194 1852 1220 1869 u.
1235 1844 1258 1869 Α
1333 1845 1362 1868 14
1377 1843 1453 1873 senii]

194 1887 263 1913 senis
283 1886 302 1913 I
317 1887 450 1920 (BONA),
469 1888 533 1914 semi
551 1887 585 1914 M
649 1891 678 1914 15
698 1890 770 1919 sunt]
790 1890 847 1914 stru
867 1890 896 1915 H
961 1886 1122 1920 stragelafos
1136 1886 1156 1913 S
1223 1888 1252 1912 16
1271 1886 1358 1912 alibus
1373 1886 1406 1912 M

195 1930 324 1963 phasiden
338 1930 369 1963 P,
382 1930 509 1957 fassidem
524 1933 551 1958 H
616 1934 644 1957 17
659 1931 737 1965 hyrto
751 1930 781 1957 M
845 1931 968 1957 barbaris
982 1930 1018 1956 P¹
1086 1932 1115 1956 is
1129 1932 1221 1960 saeuo]
1237 1928 1271 1955 II
1280 1927 1454 1960 (LMGSAP)

193 1981 253 1998 cum
267 1972 357 2000 Plinio
378 1973 482 2005 (Leni),
500 1981 569 2000 aeuo
588 1972 606 1999 I
622 1973 745 2006 (RCNH)
814 1976 873 2005 nec]
893 1981 925 1999 ae
940 1976 967 2000 H
1034 1973 1133 2006 ripheis
1154 1971 1263 2003 CNHA,
1282 1972 1373 1997 rhifeis
1392 1970 1454 2001 MG,

193 2015 274 2049 ripeis
292 2015 349 2050 RS,
367 2017 468 2050 rhipeis
487 2016 512 2043 P
617 2019 646 2043 19
665 2017 729 2043 fecit
749 2018 769 2041 G
867 2017 1041 2049 inguaeones]
1061 2014 1097 2041 II
1112 2014 1179 2047 (LP,
1197 2015 1342 2048 ingueones
1365 2015 1393 2045 G,
1412 2014 1452 2039 in-

193 2066 329 2091 guaeonos
349 2059 388 2092 M)
411 2067 471 2085 oum
491 2059 594 2091 Plinio,
618 2060 762 2094 ingyeones
783 2058 798 2085 l
816 2058 883 2090 (CN,
908 2059 1062 2091 ingiaeones
1083 2061 1122 2090 H,
1145 2058 1286 2090 ingeeones
1305 2056 1354 2089 R),
1380 2056 1453 2089 ingy-

194 2109 278 2128 nones
298 2101 351 2128 III
365 2102 404 2134 (S,
423 2102 561 2135 inginones
580 2103 613 2134 Α)
678 2102 779 2136 primus
800 2101 862 2128 ΠΜ
923 2101 1041 2135 scythias
1060 2100 1093 2126 II
1111 2099 1240 2130 (LMBPJ
1305 2101 1337 2125 20
1356 2099 1453 2129 uirum]

198 2143 252 2170 III
266 2144 344 2176 (SA),
363 2145 483 2171 uirorum
502 2144 538 2171 II
552 2145 655 2177 (LMG,
680 2145 803 2171 uiuorum
823 2144 869 2175 P),
888 2145 984 2170 horum
1004 2142 1021 2169 I
1038 2143 1176 2176 (Remi).-
1195 2143 1267 2169 dives
1287 2141 1383 2167 uirium
1404 2140 1454 2167 Isi-

198 2187 260 2213 (lori
280 2191 308 2213 uc
327 2187 432 2214 videtur
450 2188 556 2215 codices
626 2189 753 2221 frequens
770 2187 878 2220 freques
899 2188 919 2212 G
