1706 2446
69 279 121 314 45,
148 281 185 310 14

152 484 189 513 15

152 585 189 615 16

158 894 192 923 17

159 1097 197 1128 18

806 133 865 160 176

216 232 355 257 ovaturus
379 225 461 263 isque
486 224 558 253 adeo
582 221 692 261 sprevit
715 220 841 259 lupatos‚
864 224 897 248 ut
926 218 960 248 de
985 217 1128 247 industria
1152 221 1310 246 cernuatus
1333 215 1417 245 ruina
1456 220 1467 244 1
1491 225 1533 244 PL.

209 278 318 317 pariter
342 281 370 306 et
393 285 424 306 se
448 279 474 304 et
499 274 630 313 equitem
654 271 815 310 adfligeret.
855 268 999 309 flingenia
1024 277 1170 307 equorum
1193 267 1278 296 etiam
1303 266 1412 296 Claudii
1450 271 1463 295 2
1486 276 1528 296 1³11(
1548 267 1576 297 8.
1597 266 1665 296 159.

212 328 343 359 Caesaris
372 327 520 357 circenses
543 323 752 364 probaverunt,
783 331 849 352 cum
873 320 966 350 effuso
990 324 1105 349 rectore
1130 317 1286 357 quadrigae
1310 326 1415 347 currus
1450 322 1464 346 3

211 379 343 409 aemulos
359 387 420 407 non
437 378 535 407 minus
550 380 614 406 astu
638 383 724 413 quam
740 373 893 403 velocitate
917 374 1138 410 praeverterent
1154 374 1182 398 et
1205 373 1271 408 post
1293 368 1416 398 decursa
1451 373 1466 397 4

213 430 341 469 legitima
370 429 462 468 spatia
485 428 520 457 ad
543 427 640 457 locum
671 426 784 465 palmae
806 428 913 463 sponte
936 421 1149 455 consisterent,
1179 420 1257 449 velut
1278 419 1415 449 victoriae
1452 425 1465 448 5

1545 310 1604 339 160

213 481 376 521 praemium
400 479 593 518 postularent.
625 477 635 517 {l
653 486 776 507 excusso
801 483 919 514 quoque
943 472 1058 511 auriga,
1088 481 1176 510 quem
1199 472 1417 501 Rutumannam
1455 475 1469 499 6
1491 479 1535 499 PL.
1552 470 1580 502 8,
1600 470 1655 500 161

215 532 424 566 nominabant,
454 530 555 559 relicto
586 528 746 559 certamine
774 527 809 556 ad
834 524 1009 564 Capitolium
1034 523 1173 562 quadriga
1196 522 1338 561 prosilivit
1361 531 1416 551 nec
1458 536 1463 550 1

214 588 281 614 ante
303 582 434 612 substitit
453 590 541 620 quam
558 580 716 619 Tarpeium
738 578 835 607 lovem
858 576 935 606 trina
959 575 1142 605 dextratione
1165 573 1325 603 lustrasset.
1360 571 1371 611 Ι]
1389 572 1419 602 in
1455 577 1469 601 8
1491 581 1534 601 PL.
1553 572 1580 603 S,
1600 571 1660 602 162

214 634 336 664 huiusce
360 632 494 662 animalis
516 641 626 670 genere
642 635 721 659 aetas
744 628 861 667 longior
877 626 1022 656 maribus:
1040 625 1050 664 Η
1068 625 1192 663 legimus
1215 633 1285 654 sane
1310 633 1419 663 equum
1455 629 1469 652 9
1491 633 1534 652 PL.
1551 623 1579 655 8,
1601 622 1658 653 164

215 686 249 715 ad
273 694 368 714 annos
391 692 446 713 Lxx
469 683 582 712 vixisse.
614 680 625 722 ss
642 682 697 711 iam
722 679 793 710 illud
823 688 883 708 non
907 677 988 707 venit
1017 677 1046 706 iu
1071 676 1257 715 ambiguum⁷
1288 675 1367 714 quod
1389 675 1419 704 in
1445 680 1471 703 10
1494 683 1537 703 PL.
1554 674 1582 705 8„
1602 673 1661 704 163

216 745 329 766 annum
353 734 473 764 tertium
497 739 525 763 et
547 733 728 762 tricesimum
752 734 911 770 generant,
941 732 1042 768 utpote
1067 727 1116 766 qui
1140 727 1225 757 etiam
1255 731 1322 766 post
1343 726 1420 756 vice-
1444 731 1470 754 11

216 788 322 817 simum
345 786 500 815 mittantur
522 784 556 814 ad
580 783 713 813 subolem
738 781 936 811 reficiendam.
982 783 1113 808 notatum
1134 778 1219 807 etiam
1242 777 1420 807 advertimus
1444 781 1471 806 12

219 839 370 878 Opuntem
387 836 507 866 nomine
523 844 632 873 equum
649 834 683 863 ad
700 832 863 872 gregariam
879 839 1016 860 venerem
1040 829 1160 859 durasse
1184 830 1213 858 iu
1230 837 1326 859 annos
1349 837 1421 867 qua·
1444 832 1471 856 13

219 889 361 928 draginta.
394 887 405 927 ΙΙ
422 896 564 926 equarum
580 885 669 915 libido
687 883 868 922 extinguitur
890 881 967 911 iubis
983 881 1085 910 tonsis.
1117 880 1127 919 ΙΙ
1145 880 1174 909 in
1193 889 1316 918 quarum
1335 885 1422 919 partu
1445 883 1471 907 14
1493 883 1676 908 Ρ11.8,164.165

218 941 326 970 amoris
342 939 473 969 nascitur
488 937 673 971 veneficium,
698 935 775 974 quod
801 935 830 963 in
855 933 1003 963 frontibus
1021 931 1191 971 praeferunt
1214 940 1319 961 recens
1343 930 1421 965 editi,
1445 935 1471 958 15

219 993 303 1022 furvo
330 990 444 1025 colore,
472 989 576 1019 caricis
598 987 708 1023 simile⁷
731 986 927 1025 hippomanes
958 983 1155 1013 nominatum:
1187 983 1265 1021 quod
1292 982 1315 1011 si
1338 990 1423 1020 prae·
1447 985 1474 1009 16

220 1048 338 1082 reptum
354 1042 450 1072 statim
474 1040 572 1075 suerit,
597 1046 784 1077 nequaquam
800 1041 892 1066 mater
916 1034 996 1074 pullo
1013 1033 1105 1063 ubera
1122 1033 1244 1073 praebet
1266 1032 1424 1062 fellitanda.
1447 1036 1474 1060 17

221 1104 280 1133 quo
304 1094 370 1133 quis
393 1092 488 1122 acrior
511 1091 600 1121 suerit
622 1090 744 1129 speique
767 1087 901 1121 maioris,
932 1084 1109 1125 profundius
1133 1094 1218 1115 nares
1241 1083 1372 1114 mersitat
1394 1083 1423 1112 in
1448 1086 1475 1112 18

308 1208 414 1236 RCNH
426 1207 481 1235 LM
498 1207 609 1241 (passim
628 1208 783 1239 corruptus)
796 1203 890 1237 QGOE)
904 1202 991 1233 SM),-
1010 1203 1095 1229 Αηοη.
1111 1201 1186 1229 Lcid.
1205 1202 1233 1234 (l.
1254 1204 1287 1233 c.)
1305 1200 1342 1227 acl
1362 1202 1391 1227 13
1411 1207 1476 1234 qua-

223 1252 346 1286 draginta

313 1341 324 1364 1
344 1341 475 1365 ouaturus
493 1340 556 1363 auce
573 1335 677 1362 insiluit
690 1333 763 1360 SAP
829 1333 896 1360 adeo
917 1332 1029 1366 spreuit]
1048 1330 1130 1357 adeor
1147 1330 1275 1364 praetulit
1287 1328 1321 1356 M
1386 1335 1479 1356 cerua-

225 1384 269 1408 tus
289 1380 332 1407 Μιι
420 1381 435 1405 2
453 1382 481 1405 et
499 1386 528 1405 se
546 1379 572 1404 et
590 1385 631 1410 eq.
650 1384 707 1410 par.
727 1375 773 1402 SA
859 1375 977 1409 ingentia
994 1373 1020 1400 R
1106 1373 1191 1404 etiam]
1212 1375 1237 1399 et
1254 1371 1331 1399 RCN
1339 1371 1386 1397 *H

227 1426 241 1450 3
261 1424 397 1450 cirnenses
418 1423 438 1447 G
542 1420 723 1454 probauerum
741 1419 798 1451 [sic]
818 1418 843 1445 R
947 1424 1042 1443 cursus
1061 1415 1172 1449 RCfflJ,
1191 1424 1242 1441 0771.
1261 1414 1283 1441 S
1386 1417 1402 1440 4
1420 1421 1480 1447 per-

227 1469 364 1493 uerterent
382 1467 429 1497 [Η]
517 1466 531 1489 5
550 1463 634 1494 uelut]
654 1465 680 1488 et
698 1461 775 1488 uelut
793 1459 877 1493 LQG,
900 1461 975 1487 uelut
993 1467 1062 1493 quae
1081 1458 1118 1491 P,
1142 1458 1199 1492 cles.
1219 1458 1249 1485 M
1334 1459 1349 1491 6
1368 1464 1481 1483 excussa

227 1508 300 1540 ΖΠΗ]
389 1509 477 1541 quem]
496 1513 550 1540 qua
568 1505 606 1536 R,
631 1512 711 1538 quam
731 1503 753 1536 Q
839 1503 1037 1534 rutumannam]
1058 1501 1114 1533 LG,
1135 1500 1339 1528 rutamanimam
1356 1498 1388 1532 Q,
1405 1502 1482 1525 rutu-

228 1559 333 1578 manam
354 1550 381 1582 C⁷
400 1552 597 1576 rumtumanam
616 1547 650 1580 R,
668 1549 859 1573 rutumannum
877 1547 929 1577 *H,
947 1545 1127 1571 rutimannam
1146 1543 1179 1575 P,
1197 1546 1430 1570 rutummananam
1448 1541 1483 1574 Ν,

228 1593 424 1620 rotimananam
443 1591 477 1625 S,
496 1591 658 1618 rutimanam
675 1590 708 1622 Α,
727 1589 783 1623 def.
803 1587 846 1615 M:
865 1588 1036 1614 Ratumenna
1054 1586 1163 1612 Plinius
1257 1588 1270 1611 7
1290 1585 1433 1619 prosiliuit]
1452 1583 1484 1614 L,

229 1635 353 1670 prosiluit
370 1635 470 1669 reliqui
488 1634 554 1667 (def.
575 1633 614 1665 M)
675 1634 689 1658 S
709 1632 838 1663 substitit]
858 1630 982 1657 subsistit
999 1629 1146 1663 quamlibet
1163 1627 1250 1654 obuiis
1268 1626 1425 1654 occursibus
1444 1626 1484 1653 in-

229 1678 320 1712 pedita
337 1677 411 1704 SAP
477 1677 558 1703 iouen
577 1675 603 1701 P
670 1674 832 1701 textratione
851 1673 876 1699 P
943 1673 1073 1699 lustraret
1090 1670 1163 1697 SAP
1230 1672 1245 1696 9
1264 1669 1384 1696 ammalis
1404 1669 1425 1694 G

229 1728 296 1753 gene
314 1719 336 1752 Q
388 1720 507 1747 moribus
526 1718 548 1751 Q
601 1718 710 1752 legimus
732 1719 805 1748 sane]
824 1723 886 1743 nam
904 1718 983 1748 (mam
1002 1714 1033 1747 S)
1051 1714 1068 1741 1.
1088 1712 1161 1740 SAP
1210 1720 1307 1746 equum
1326 1720 1378 1739 om.
1397 1711 1419 1738 S

234 1766 263 1789 10
283 1762 326 1794 ad]
346 1762 380 1789 ad
398 1770 484 1795 usque
504 1760 577 1788 SAP
661 1761 720 1791 lxx]
738 1760 804 1785 lxxu
822 1758 929 1785 Plinius
1015 1756 1179 1789 ambiguum]
1198 1755 1308 1781 dubium
1327 1753 1377 1781 RC
1459 1754 1485 1780 in

231 1808 340 1836 annum]
362 1812 449 1831 annus
469 1806 509 1831 Ha
616 1805 642 1829 11
664 1805 811 1836 generant.
827 1822 833 1828 .
848 1822 854 1827 .
869 1822 875 1827 .
890 1800 1046 1835 uicesimum
1065 1807 1116 1825 om.
1135 1798 1174 1825 Ra
1277 1797 1339 1830 quia
1357 1796 1387 1822 N

236 1850 264 1874 12
282 1847 428 1874 refiendam
442 1846 464 1878 Q
534 1849 626 1872 notum
642 1845 661 1870 G
731 1844 876 1870 auertimus
892 1843 914 1874 Q
985 1844 1014 1868 13
1035 1842 1155 1875 opunten
1173 1839 1199 1866 P
1265 1839 1302 1870 in]
1321 1838 1356 1864 ad
1375 1837 1419 1864 *H

235 1892 266 1916 14
284 1892 422 1923 equarum]
442 1889 486 1915 uel
504 1896 617 1922 quarum
635 1888 659 1913 Α
712 1889 806 1912 tonsus
825 1888 865 1912 Ha
920 1887 949 1910 15
969 1883 1128 1910 beneficium
1147 1880 1292 1914 NLQGSA
1311 1881 1377 1914 (def.
1396 1880 1436 1912 M)

233 1940 325 1959 recens
345 1940 397 1959 om.
417 1933 445 1959 H
513 1930 593 1958 editio
613 1929 646 1961 R,
665 1928 760 1955 seditio
779 1927 808 1954 N
878 1930 908 1953 16
927 1926 1016 1957 furno]
1036 1924 1087 1952 III
1104 1924 1216 1956 (SAP2›,
1234 1923 1310 1950 fuluo
1330 1921 1349 1949 I
1363 1922 1488 1955 (RCNHl

233 1980 259 2001 et
286 1973 318 2000 II
346 1973 462 2005 (LMP1,
489 1972 554 1999 filuo
584 1973 628 2004 G):
656 1971 747 1997 colore
773 1970 849 2003 nigro
876 1968 984 1995 Plinius
1093 1975 1156 1994 core
1183 1966 1235 1998 Ra)
1339 1965 1444 1996 caricis]
1472 1963 1492 1990 I

233 2016 441 2048 (RCNHSAP2)
466 2024 525 2042 cum
549 2015 653 2045 Plinio,
679 2012 811 2040 cicatricis
835 2010 868 2038 II
891 2010 1022 2043 (LQGP1‚
1046 2010 1102 2044 def.
1126 2009 1167 2041 M)
1248 2008 1436 2042 hippomanem
1455 2007 1488 2037 R,

235 2067 396 2094 yppomenes
416 2061 444 2086 H
541 2057 694 2084 nominatur
713 2055 816 2082 RCNH
919 2057 945 2080 Π
969 2053 1054 2080 ubera
1072 2053 1184 2086 praebet
1202 2053 1320 2084 (praeter
1339 2052 1385 2081 H)]
1403 2058 1442 2083 pr.
1462 2057 1489 2076 u.

236 2101 308 2128 SAP
374 2101 522 2132 fellitanda]
539 2099 555 2126 I
572 2098 714 2131 (CAUSA,
733 2097 854 2124 fellitada
871 2096 913 2129 R),
933 2095 1084 2123 uellicanda
1102 2094 1139 2121 II
1153 2093 1258 2127 (LGP¹‚
1277 2093 1334 2127 def.
1353 2092 1402 2126 M),
1421 2092 1489 2118 felli-

236 2144 323 2170 canda
341 2144 386 2176 ΡΞ,
405 2143 552 2171 uellitanda
570 2141 708 2168 fellitanda
727 2140 749 2172 O
835 2142 863 2166 18
883 2140 941 2173 quis
959 2138 1056 2170 acrior]
1076 2138 1151 2171 equis
1170 2144 1246 2163 amor
1265 2138 1291 2163 H
1370 2135 1489 2168 speciae-

237 2194 288 2221 que
306 2186 328 2219 Q
415 2185 584 2220 profundius]
609 2192 640 2211 eo
665 2192 705 2218 pr.
727 2185 753 2210 H
837 2190 915 2209 nares
937 2181 1058 2208 mersitat
1080 2181 1108 2206 in
1127 2180 1253 2210 bibendo]
1272 2187 1299 2205 n.
1319 2187 1353 2205 m.
1373 2177 1490 2204 uiuendo

239 2228 291 2261 RC,
311 2237 371 2255 eum
388 2229 458 2256 bibit
475 2235 555 2255 nares
574 2235 637 2254 suas
656 2228 756 2252 mersat
774 2225 860 2252 SAP²
