1593 2409
433 533 638 574 CLASSIS
668 527 919 569 SECVNDA.

133 644 237 676 Classis
257 642 396 677 secunda,
420 640 513 680 prima
536 636 654 677 plenior
676 639 735 664 tam
760 633 789 662 in
816 631 925 661 bonam
951 633 1066 668 partem
1091 635 1179 665 quam
1204 624 1233 654 iu
1252 633 1313 652 ma-

47 699 105 728 lam
129 699 208 735 (nam
232 693 372 725 immunis
396 697 439 722 est
466 700 481 720 a
515 697 623 727 magno
647 686 728 716 hiatu
752 685 786 713 ad
811 684 911 717 finem,
936 680 987 711 sed
1010 678 1145 718 pluribus
1168 675 1241 706 locis
1265 674 1314 703 ad-

48 754 119 781 sunt
140 748 197 778 loci
221 747 347 777 maiores
370 742 501 779 insiticii)
526 743 618 769 aetate
645 737 768 776 primam
793 738 914 773 aequat,
948 741 1015 761 nam
1039 729 1168 769 pertinet
1191 727 1226 756 ad
1250 735 1314 755 eam

49 802 140 832 codex
164 798 386 829 Solinianorum
410 793 496 823 hodie
513 789 737 829 antiquissimus
754 785 908 816 Leidensis
931 784 1058 822 scriptus
1082 779 1199 811 saeculo
1224 787 1316 808 nono.

50 862 65 882 a
90 851 176 882 nobis
201 850 264 879 eius
288 846 400 877 ordinis
424 843 546 875 adhibiti
569 846 639 871 sunt
663 840 729 869 libri
754 839 797 868 hi:

165 901 184 931 L
200 914 242 925 --=
258 897 412 930 Leidensis
436 895 597 925 Vossianus
620 893 656 927 Q.
681 893 719 922 37
744 899 820 920 saec.
844 887 883 917 IX
911 886 1052 916 deficiens
1075 893 1104 922 p.
1126 883 1194 918 194,
1215 882 1262 911 15.

139 950 182 995 [L]
200 950 352 980 =eidem
386 948 462 978 libro
493 946 665 976 adiunctum
694 941 935 980 supplementum
967 945 1043 967 saec.
1073 934 1139 964 XIII
1174 932 1322 971 incipiens

259 1012 288 1042 p.
308 1003 378 1036 191,
400 1001 446 1030 15.

157 1055 188 1085 M
204 1069 243 1079 ==
260 1052 413 1083 Parisinus
430 1050 512 1081 7230
537 1057 614 1078 saec.
630 1045 666 1080 X,
690 1054 705 1074 a
728 1054 757 1083 p.
780 1043 847 1077 174,
868 1041 905 1070 12
930 1039 997 1069 inde
1022 1037 1129 1077 passim
1154 1038 1324 1073 corruptus.

162 1106 187 1142 Q
203 1119 245 1130 =
262 1103 412 1134 Parisinus
429 1102 511 1131 7230
526 1100 548 1128 Α
572 1107 648 1128 saec.
664 1096 689 1125 X
715 1095 783 1124 inde
807 1103 822 1122 a
846 1102 875 1131 p.
895 1093 965 1126 174,
985 1091 1021 1120 12
1046 1088 1194 1118 adhibitus
1217 1086 1251 1115 ad
1275 1093 1324 1114 ex-

262 1154 403 1195 plendum
427 1161 493 1181 eum
519 1150 569 1189 qui
593 1147 750 1188 praecedit.

168 1208 190 1238 G
206 1222 247 1232 =
264 1204 513 1243 Guelferbytanus
536 1209 612 1231 saec.
636 1198 660 1228 X
685 1197 832 1236 incipiens
856 1193 1004 1234 principio
1029 1191 1135 1221 amisso
1159 1199 1187 1228 p.
1205 1188 1256 1223 28,
1273 1187 1328 1217 22.

174 1260 251 1289 R=
270 1255 445 1287 Basileensis
474 1262 550 1283 saec.
574 1251 637 1281 XIV
662 1259 723 1279 non
753 1251 897 1287 perpetuo
929 1244 1068 1279 collatus,
1100 1241 1151 1271 sed
1181 1238 1328 1269 adhibitus

265 1308 316 1338 ubi
339 1307 409 1338 utile
437 1305 531 1335 visum
554 1307 606 1332 est.

173 1364 254 1393 P=
272 1358 423 1389 Parisinus
449 1357 531 1388 6810
555 1363 630 1384 saec.
655 1351 688 1381 X.
730 1350 866 1380 librarius
896 1346 1027 1377 adhibuit
1051 1343 1168 1374 codices
1191 1346 1268 1376 tres,
1298 1344 1331 1369 ut

271 1409 401 1440 ostendit
424 1406 602 1445 subscriptio
620 1406 720 1442 (supra
738 1411 766 1441 p.
784 1400 872 1430 XLIV
891 1404 917 1428 et
941 1399 1018 1427 inl‘ra
1038 1406 1065 1435 p.
1087 1393 1211 1431 LXXX),
1237 1400 1331 1421 tinum

269 1462 371 1491 elassis
387 1460 499 1498 primae
518 1466 584 1487 cum
609 1453 827 1492 subscriptione
848 1449 1062 1483 Theodosiana,
1089 1446 1215 1476 alterum
1234 1442 1333 1473 classis

277 1511 434 1544 secundae,
455 1509 574 1539 tertium
592 1505 691 1536 classis
708 1504 811 1533 tertiae
828 1501 1023 1540 interpolatae
1040 1505 1067 1528 et
1086 1497 1220 1536 neglecto
1236 1494 1333 1533 primo

274 1564 398 1593 aliorum
424 1562 551 1590 duorum
574 1557 719 1587 lectiones
743 1554 793 1584 ubi
810 1553 957 1582 variarent
978 1551 1154 1590 plerumque
1178 1551 1335 1583 utramque

274 1614 397 1652 recepit,
414 1611 502 1641 modo
521 1611 641 1640 alteram
660 1608 689 1636 in
704 1610 816 1635 textum
833 1603 991 1633 admittens
1005 1601 1078 1639 (1³¹),
1096 1600 1217 1629 alteram
1231 1605 1335 1635 super-

275 1665 410 1696 scribens
432 1662 477 1692 vel
508 1660 678 1691 adscribens
702 1657 776 1693 (Ρῖ),
807 1654 893 1685 modo
926 1658 1083 1690 utramque
1106 1651 1186 1680 iuxta
1209 1656 1336 1687 ponens,

277 1716 357 1746 unde
374 1714 501 1745 efficitur
516 1712 625 1741 variam
642 1709 804 1739 lectionem
822 1706 900 1735 hanc
918 1714 977 1734 non
1002 1703 1037 1733 ab
1055 1701 1244 1732 emendatore
1267 1708 1337 1737 pro-

275 1767 377 1802 ficisci,
401 1765 452 1795 sed
476 1764 512 1794 ab
538 1763 602 1802 ipso
626 1759 748 1790 librario
766 1758 809 1787 vel
826 1757 899 1786 adeo
924 1766 938 1785 a
956 1754 1076 1785 librario
1093 1751 1255 1791 archetypi,
1279 1750 1338 1778 lec-

278 1819 393 1848 tionum
407 1821 504 1846 autem
517 1819 576 1844 tam
590 1816 777 1850 receptarum
793 1818 880 1848 quam
901 1807 1115 1845 adscripturum
1135 1802 1338 1833 auctoritatem

278 1879 380 1909 parem
407 1877 471 1897 esse
500 1870 529 1896 et
560 1869 624 1894 utra
655 1862 756 1892 classis
787 1866 883 1890 utram
907 1858 1066 1888 lectionem
1090 1852 1285 1894 suppeditarit
1307 1860 1341 1880 ex

281 1920 476 1951 collocatione
501 1926 562 1947 non
587 1923 674 1954 posse
693 1912 803 1951 colligi.
821 1928 860 1932 -—
878 1910 979 1939 Eidem
996 1908 1072 1938 libro
1089 1907 1143 1936 soli
1159 1915 1194 1935 ex
1211 1902 1342 1934 meliori-

280 1972 336 2002 bus
353 1970 461 2001 nostris
477 1969 616 1998 adhaeret
639 1964 784 1994 Ponticon
814 1963 1012 1999 fragmentum
1037 1967 1138 1988 errore
1162 1956 1265 1986 Solino
1291 1953 1342 1983 tri-

281 2022 387 2053 butum
411 2023 450 2060 (p.
475 2018 667 2053 233—235).

525 2093 559 2131 L
587 2103 725 2130 errores
753 2088 898 2138 proprii.

189 2170 217 2203 6,
240 2169 274 2198 16
299 2162 456 2206 tricesima]
487 2164 518 2194 M
538 2173 601 2193 cum
625 2161 657 2191 cl.
681 2160 704 2194 J,
728 2159 804 2188 xlma
828 2155 902 2185 LBP

189 2221 218 2254 9,
260 2220 271 2248 1
301 2213 493 2256 sexagesimo]
518 2214 551 2244 JI
573 2223 636 2243 cum
661 2212 693 2241 cI.
718 2210 740 2244 l,
767 2209 813 2238 lxx
838 2206 912 2236 LBP
