1706 2446
111 189 162 227 40,
189 193 201 221 1

187 499 207 528 2

189 651 207 680 3

826 101 885 130 166

307 189 317 229 [Ι
335 189 475 227 Sequitur
491 189 571 218 Asia:
595 188 645 218 sed
663 197 723 218 non
747 197 812 217 eam
829 188 926 217 Asiam
949 188 1065 226 loquor,
1089 196 1163 227 quae
1188 188 1217 217 in
1241 188 1329 217 tertio
1353 188 1431 218 orbis
1468 193 1481 218 1

228 241 351 270 divortio
380 239 524 269 terminos
553 248 655 269 amnes
684 238 771 268 habet.
800 238 835 268 ab
859 239 1002 278 Aegyptio
1030 239 1103 268 mari
1126 238 1238 275 Nilum,
1268 247 1284 267 a
1307 237 1431 268 Maeotio
1469 243 1482 268 2

228 292 292 321 lacu
322 291 459 320 Tanaim:
484 289 494 331 ΙΙ
518 300 619 320 verum
648 299 710 320 eam
742 299 816 328 quae
845 300 860 320 a
892 290 1042 320 Telmesso
1070 290 1176 329 Lyciae
1205 289 1323 328 incipit,
1353 289 1432 318 unde
1468 294 1482 317 3

228 343 315 372 etiam
332 342 503 381 Carpathius
523 342 692 381 auspicatur
714 342 806 371 sinus.
845 350 907 371 eam
931 341 1021 380 igitur
1037 341 1132 371 Asiam
1156 340 1191 370 ab
1216 340 1329 370 oriente
1346 339 1432 378 Lycia
1468 345 1484 369 4

228 394 353 424 includit
369 398 396 423 et
415 393 549 432 Phrygia,
572 393 608 423 ab
625 394 778 423 occidente
794 392 907 432 Aegaea
922 392 1017 428 litora,
1041 401 1055 422 a
1076 392 1196 422 meridie
1220 400 1300 421 mare
1316 391 1431 430 Aegyp·
1469 396 1483 419 5

229 446 312 481 tium,
337 445 532 484 Paphlagonia
556 454 571 474 a
594 444 817 484 septemtrione.
1470 446 1484 470 6

309 495 320 537 ΙΙ
347 496 484 536 Ephesus
518 496 548 525 in
582 505 615 525 ea
645 496 716 525 urbs
745 495 903 525 clarissima
934 500 990 524 est:
1025 494 1143 533 Epheso
1172 494 1262 523 decus
1289 492 1432 531 templum
1469 497 1483 521 τ

230 547 348 583 Dianae,
372 549 553 577 Amazonum
572 546 689 583 fabrica,
708 545 718 587 [1
735 547 808 576 adeo
832 546 1030 585 magnificum,
1055 550 1087 575 ut
1102 545 1222 581 Xerxes,
1246 553 1312 574 cum
1337 543 1434 573 omnia
1470 547 1484 572 8

231 599 354 629 Asiatica
384 598 491 637 templa
520 598 581 637 igni
610 597 707 634 daret,
741 597 811 627 huic
840 598 892 627 uni
922 596 1099 636 pepercerit.
1149 596 1200 626 sed
1230 596 1302 625 haec
1331 594 1435 624 Xerxis
1471 598 1485 622 9

233 650 387 679 clementia
410 658 507 680 sacras
529 649 617 678 aedes
641 657 700 678 non
725 648 774 678 diu
797 658 812 677 a
836 648 911 678 malo
935 647 1104 677 vindicavit:
1130 656 1257 685 namque
1280 646 1435 676 Herostra—
1459 650 1486 674 10

234 706 289 736 tus,
313 705 345 730 ut
361 709 470 729 nomen
488 699 629 729 memoria
645 700 765 729 sceleris
780 700 961 733 extenderet,
985 699 1154 728 incendium
1180 698 1287 728 nobilis
1309 696 1436 726 fabricae
1459 700 1485 724 11

235 761 323 781 manu
358 761 410 781 sua
443 751 564 786 struxit,
598 751 674 781 sicut
704 751 766 789 ipse
797 752 890 781 fassus
919 754 978 785 est,
1012 755 1078 779 voto
1109 748 1314 788 adipiscendae
1343 748 1435 777 famae
1458 751 1486 775 12

193 805 212 834 4
235 803 354 833 latioris.
393 806 512 832 notatur
538 811 608 841 ergo
633 801 734 831 eadem
758 802 804 831 die
827 801 1049 839 conssagravisse
1072 800 1213 839 templum
1238 799 1356 839 Ephesi,
1380 807 1437 837 qua
1461 802 1487 826 13

191 857 209 885 5

233 853 397 884 Alexander
420 853 543 892 Magnus
566 853 663 882 Pellae
695 858 781 883 natus
810 857 862 882 est.
909 851 987 890 quod
1016 861 1082 881 cum
1107 852 1295 890 postmodum
1318 850 1352 879 ad
1376 849 1437 879 cul·
1461 854 1488 878 14

233 910 296 935 tum
324 905 526 944 augustiorem
549 903 668 942 Ephesii
700 904 912 938 reformarent,
943 902 1026 932 faber
1049 903 1131 941 operi
1154 902 1328 932 Dinocrates
1352 909 1437 940 prae·
1461 905 1488 929 15

233 956 302 986 fuit:
344 965 432 995 quem
467 955 657 985 Dinocratem
692 954 849 984 Alexandri
889 954 969 984 iussu
1003 953 1209 983 Alexandriam
1242 953 1271 982 in
1307 955 1438 990 Aegypto
1462 956 1489 980 16

232 1012 373 1037 metatum
396 1015 485 1046 supra
508 1005 707 1045 exposuimus.
749 1014 894 1043 nusquam
917 1009 1014 1034 autem
1039 1004 1111 1034 orbe
1134 1008 1196 1033 toto
1219 1008 1278 1033 tam
1301 1002 1439 1032 adsiduos
1461 1006 1488 1030 17

234 1064 329 1088 terrae
357 1062 455 1088 motus
478 1062 506 1087 et
529 1063 587 1087 tam
611 1056 730 1086 crebras
753 1056 871 1086 urbium
894 1056 1095 1086 demersiones
1118 1064 1206 1094 quam
1229 1055 1258 1084 in
1284 1054 1349 1083 Asia
1372 1062 1436 1083 esse
1459 1057 1487 1081 13

234 1108 365 1139 cladibus
381 1109 513 1139 Asiaticis
535 1108 639 1148 patuit,
657 1106 667 1148 ss
685 1117 751 1137 cum
768 1107 888 1137 Tiberio
904 1107 1038 1147 principe
1062 1107 1151 1136 urbes
1174 1105 1329 1136 duodecim
1352 1103 1439 1134 simul
1462 1108 1489 1132 19

234 1169 292 1190 una
314 1160 399 1190 ruina
423 1159 595 1189 occiderint.
1062 1168 1067 1172 ·
1462 1159 1490 1183 2ο

319 1234 426 1262 RCNH
443 1233 569 1266 LMG(B)
589 1232 638 1260 SF
653 1232 700 1265 (ad
717 1235 731 1258 5
751 1232 867 1267 Phrygia
885 1233 929 1265 ab)
948 1234 971 1259 A
989 1232 1070 1265 (redit
1088 1234 1102 1258 5
1121 1231 1272 1263 occidente)
1289 1229 1316 1256 P

319 1285 343 1303 v.
364 1280 378 1303 5
397 1284 414 1302 a
432 1275 542 1303 meridie
560 1284 595 1302 m.
611 1276 678 1308 Aeg.
700 1274 842 1302 Orosianis
860 1275 955 1302 inserit
975 1274 1101 1301 Isidorus
1115 1276 1155 1305 14,
1170 1275 1192 1306 3,
1206 1274 1238 1299 38
1334 1280 1357 1298 v.
1378 1273 1391 1297 S
1410 1271 1491 1296 Ama-

236 1327 333 1346 zonum
352 1318 458 1345 fabrica
476 1318 574 1352 repetit
591 1317 717 1344 Isidorus
733 1320 771 1350 15,
787 1320 809 1349 1,
824 1320 863 1344 38.

324 1390 334 1414 1
360 1388 445 1414 asiam
464 1386 493 1412 N
577 1386 667 1417 tertio]
687 1388 744 1412 toto
764 1387 791 1412 H
878 1388 892 1412 2
912 1386 1050 1416 terminos]
1069 1383 1150 1410 tertio
1169 1383 1226 1414 [sic]
1246 1382 1271 1409 R
1357 1384 1491 1415 (a)egypto

237 1430 294 1457 NH
395 1437 468 1456 mare
487 1429 514 1455 Ν
615 1428 715 1455 mentio
734 1427 759 1454 R
864 1430 878 1454 3
897 1428 985 1454 lacum
1004 1426 1060 1453 ΗΡ
1142 1425 1236 1452 tanain
1255 1424 1316 1455 RN,
1335 1424 1445 1450 taniaim
1464 1423 1492 1453 S,

237 1477 330 1499 tanum
351 1473 372 1498 G
441 1474 509 1503 eam]
535 1478 567 1497 ea
584 1471 610 1498 R
679 1471 828 1502 teim(a›es0
850 1468 955 1496 LMGP
1023 1472 1037 1495 5
1057 1470 1164 1502 aegaea]
1186 1466 1370 1498 CLMGSAP,
1393 1473 1441 1499 ege
1458 1465 1493 1495 R,

236 1518 355 1548 (a)egeae
368 1514 427 1541 NH
493 1514 585 1540 littera
600 1514 620 1539 G
691 1515 706 1539 6
725 1512 878 1547 paflaconia
896 1511 928 1539 Μ
996 1514 1009 1537 ἵ
1030 1511 1110 1538 efesis
1129 1510 1163 1541 R,
1182 1510 1270 1537 efesos
1290 1509 1321 1541 P,
1340 1508 1436 1536 effesos
1454 1508 1493 1539 M,

236 1558 330 1584 efusus
349 1556 370 1584 S
472 1557 499 1583 in
522 1566 574 1583 om.
592 1556 614 1583 S
717 1555 791 1582 urbis
809 1554 841 1581 M
943 1554 1100 1584 clarissima]
1119 1552 1304 1579 noclarissima
1322 1554 1352 1579 H
1454 1554 1495 1577 est

237 1610 290 1628 om.
311 1600 343 1628 02
427 1601 441 1626 8
461 1599 576 1630 fabrica]
595 1597 771 1626 sicuricatum
790 1598 847 1629 [sic]
868 1597 892 1623 R
975 1598 1014 1627 ut]
1034 1597 1064 1622 ut
1081 1598 1109 1622 et
1126 1596 1149 1622 A
1230 1596 1334 1625 xerxes]
1354 1593 1416 1625 RN,
1434 1600 1495 1620 xer-

238 1644 279 1670 xis
294 1643 416 1674 LMG(?),
434 1649 526 1668 xerses
544 1641 647 1676 reliqua·
706 1642 793 1667 'omne
811 1648 836 1667 a.
855 1643 875 1666 t.
894 1639 1046 1671 indignaret
1061 1638 1081 1663 G
1151 1640 1166 1663 9
1185 1638 1341 1671 peperceret
1353 1635 1381 1668 S,
1400 1642 1496 1670 peper-

240 1686 277 1712 cit
296 1686 339 1713 CA
435 1685 503 1711 haec
516 1688 584 1719 post
601 1683 673 1710 xersi
692 1684 714 1709 A
801 1682 901 1713 xerxis]
920 1681 982 1713 RG,
1006 1680 1081 1707 xerxi
1100 1679 1166 1711 ΝΜ,
1186 1679 1272 1705 xersis
1291 1681 1327 1710 H,
1344 1678 1416 1705 xersi
1433 1677 1494 1704 reli-

238 1729 286 1763 qui
340 1730 370 1754 10
384 1734 476 1754 sacras
490 1726 565 1754 sedes
577 1725 660 1758 ΕΘΝ,
675 1733 752 1752 sacre
765 1725 835 1752 sedis
848 1725 871 1751 A
924 1724 1045 1750 uindicat
1057 1725 1083 1750 H
1135 1721 1258 1755 namque]
1271 1728 1333 1748 nam
1344 1720 1368 1746 A
1423 1721 1451 1746 11
1466 1722 1496 1745 ut

241 1779 292 1797 om.
312 1770 348 1796 ιζ)1
418 1776 515 1796 nomen
533 1769 669 1799 memoria]
688 1768 803 1795 nominis
821 1769 862 1794 sui
881 1766 1034 1793 memoriam
1052 1765 1125 1791 fama
1143 1763 1225 1791 SAP¹
1298 1765 1338 1790 11.
1354 1764 1384 1788 12
1402 1762 1494 1788 incen-

238 1813 310 1840 dium
329 1820 354 1838 n.
374 1812 392 1838 f.
412 1820 446 1838 m.
465 1819 515 1838 sua
532 1814 594 1843 (om.
608 1813 645 1842 H)
664 1813 710 1837 str.
730 1818 751 1836 s.
770 1811 788 1836 i.
807 1810 898 1836 fassus
916 1809 998 1841 (fatus
1012 1808 1046 1839 R)
1065 1809 1115 1838 est]
1134 1806 1205 1833 sicut
1222 1806 1280 1839 ipse
1298 1804 1437 1831 confessus
1455 1807 1496 1830 est

238 1855 391 1882 incendium
415 1863 440 1881 n.
464 1854 483 1880 f.
508 1862 542 1880 m.
566 1861 587 1879 s.
613 1853 712 1879 struxit
731 1852 790 1883 SA,
814 1852 885 1878 sicut
906 1851 923 1877 i¹
950 1858 972 1877 c.
999 1858 1022 1876 e.
1047 1849 1199 1876 incendium
1217 1856 1242 1874 n.
1263 1848 1281 1874 f.
1300 1855 1335 1874 m.
1354 1854 1377 1873 s.
1396 1846 1494 1872 struxit

238 1899 309 1924 sicut
324 1898 382 1931 ipse
400 1897 490 1923 fassus
509 1899 550 1922 est
562 1895 588 1922 P
659 1897 688 1921 12
701 1897 766 1921 uoto
785 1902 835 1921 om.
855 1893 899 1920 SA
968 1892 1057 1918 famae
1075 1892 1157 1922 (fama
1169 1892 1206 1921 Η)
1224 1890 1336 1921 latioris]
1355 1889 1371 1915 l.
1390 1890 1408 1915 f.
1422 1890 1444 1915 A

241 1943 271 1968 13
291 1941 393 1971 eadem]
415 1947 508 1966 earum
526 1939 548 1965 Α
619 1945 699 1972 quam
718 1936 750 1963 M
820 1939 851 1962 14
869 1935 955 1969 peliae
974 1936 1013 1966 H,
1037 1933 1108 1968 pello
1130 1934 1150 1959 G
1219 1934 1261 1960 est
1279 1940 1329 1959 om.
1348 1930 1428 1958 LMG

240 1983 312 2017 quod
335 1991 396 2010 cum
420 1982 600 2015 postmodum]
626 1979 644 2006 I
659 1978 785 2010 (RCNH)
808 1982 833 2004 et
853 1976 889 2004 II
903 1976 1019 2010 (LMG),
1037 1980 1102 2011 post
1127 1976 1207 2002 verba
1232 1975 1278 2009 qui
1301 1975 1388 2001 oritur
1408 1993 1414 1999 .
1435 1994 1440 2000 .
1461 1995 1467 2000 .
1489 1995 1494 1999 .

241 2026 334 2060 quinto
358 2025 446 2052 relata
470 2025 497 2051 in
520 2032 586 2058 app.
611 2023 639 2048 id
662 2022 790 2055 templum
814 2020 985 2054 postmodum
1009 2026 1070 2045 cum
1092 2017 1143 2044 :HI
1167 2017 1257 2049 (SAP)
1367 2019 1397 2043 15
1421 2016 1496 2042 dino-

241 2071 329 2096 crates
347 2067 474 2102 praefuit]
493 2065 641 2093 dinocratis
659 2064 712 2091 fuit
731 2064 789 2095 SA,
813 2063 864 2090 fuit
882 2062 1037 2089 dinocrates
1056 2061 1161 2092 (-crites
1180 2061 1268 2092 HGJH
1372 2061 1401 2086 16
1420 2058 1496 2085 dino-

242 2114 333 2138 craten
347 2110 423 2137 MSA
475 2109 657 2136 alexandriam
675 2107 729 2133 iam
748 2105 826 2132 LMG
881 2108 910 2132 17
930 2107 1125 2139 praemetatum
1145 2103 1171 2129 P
1220 2106 1310 2129 autem
1329 2110 1381 2128 om.
1402 2100 1446 2127 SA

245 2156 273 2181 18
293 2153 389 2180 crebra
408 2152 429 2178 S
509 2151 682 2178 dimersiones
702 2149 778 2177 RGN
855 2149 883 2175 in
902 2156 952 2175 om.
973 2150 1002 2175 H
1084 2148 1113 2172 19
1132 2145 1258 2172 tiberium
1277 2144 1302 2170 R
1384 2145 1416 2169 20
1434 2146 1497 2174 una]

242 2204 258 2223 a
276 2198 305 2223 H
371 2195 528 2222 occiderunt
547 2193 650 2221 RCNH

1504 198 1547 218 PL.
1566 191 1594 223 5,
1612 190 1650 218 47

1506 299 1547 319 PL.
1567 292 1594 323 5,
1615 290 1673 320 102

1505 481 1573 502 MEL.
1589 482 1608 506 1,
1620 482 1651 502 15.
1660 481 1685 505 2;

1505 507 1532 532 cs,
1548 507 1592 528 PL.
1607 507 1627 531 5.
1642 507 1678 528 115

1508 552 1564 572 mx.

1510 1009 1537 1032 cs.
1550 1008 1610 1029 SOL.
1624 1008 1657 1033 32,
1668 1008 1693 1029 41

1513 1112 1556 1133 PL.
1574 1104 1602 1139 2,
1621 1103 1681 1134 200
