1593 2409
753 75 871 102 XXVIII

275 167 322 196 11.
362 163 487 193 DICVIL
518 162 682 192 monachus
711 171 744 191 ex
769 161 911 191 Hibernia
942 161 1085 191 oriundus
1112 161 1209 191 libello
1240 161 1275 192 de
1304 171 1442 191 mensura

184 217 264 246 orbis
287 221 382 245 terrae
414 214 524 253 scripto
548 223 573 242 a.
591 214 651 244 825
676 212 801 243 inseruit
824 217 961 250 excerpta
985 211 1135 241 Soliniana
1160 222 1220 242 non
1237 222 1329 251 pauca
1346 212 1442 242 addito

182 267 313 297 auctoris
333 265 465 295 nomine.
504 264 566 294 eius
589 264 678 293 libelli
701 262 752 303 (cs.
769 264 872 293 chron.
889 263 961 292 min.
979 262 1034 291 vol.
1055 265 1081 293 1.
1098 272 1126 302 p.
1144 264 1216 301 527)
1240 264 1302 302 ipse
1325 264 1443 293 adhibui

183 318 315 349 codicem
339 316 512 356 primarium
536 315 731 345 Dresdensem
755 315 778 344 D
798 314 857 345 182
881 323 957 344 saec.
981 313 1016 349 X,
1041 313 1164 343 alterum
1190 314 1320 343 eiusdem
1342 314 1444 344 aetatis

183 368 349 399 Parisinum
373 368 458 399 4806
481 366 644 396 secundum
675 366 833 395 editionem
864 374 950 403 quam
980 364 1091 394 curavit
1120 364 1272 394 Partheius
1301 374 1326 394 a.
1353 366 1443 396 1870.

184 437 225 442 —
250 419 387 450 Codicem
411 417 505 447 Solini
528 426 543 446 a
568 417 681 447 Dicuilo
706 416 866 446 adhibitum
891 421 1041 445 exaratum
1066 415 1156 445 fuisse
1178 415 1352 445 minusculis
1375 416 1443 445 inde

183 471 344 510 colligitur,
384 468 463 508 quod
506 468 682 507 permutavit
711 468 823 497 litteras
851 476 868 497 r
898 473 926 496 et
954 476 967 496 s
997 467 1126 504 (crateses
1155 467 1211 501 49,
1239 466 1302 506 13).
1355 466 1442 496 verba

184 522 313 553 auctoris
343 521 382 550 ita
416 519 510 549 Dicuil
545 519 668 554 retinet,
705 524 738 548 ut
773 522 920 556 quatenus
952 518 1089 556 pervenit
1122 517 1232 547 codicis
1264 518 1358 547 instar
1391 517 1444 553 sit3

184 572 367 613 paucissimis
408 571 480 600 locis
526 570 719 599 inveniuntur
760 573 899 608 corrupta
940 568 1025 607 culpa
1059 568 1163 597 Dicuili
1202 572 1246 602 (ut
1282 569 1357 605 121,
1396 569 1444 599 16.

185 625 260 659 138,
294 624 342 654 12.
376 624 451 657 190,
485 622 536 658 10)
572 621 618 650 vel
656 621 776 650 arbitrio
813 620 876 649 eius
910 623 1018 648 mutata
1049 619 1093 656 (ut
1124 620 1198 654 100,
1229 620 1257 649 2.
1291 621 1365 655 137,
1397 620 1444 650 18.

186 676 257 711 139,
284 675 344 710 10).

273 726 322 756 12.
357 722 564 753 ANONYMUS
589 722 789 752 LEIDENSIS
814 722 883 751 mihi
907 722 1015 751 dicitur
1039 726 1143 751 auctor
1166 725 1305 750 tractatus
1328 721 1364 750 de
1387 721 1444 750 situ

186 777 266 807 orbis
295 775 400 806 servati
424 775 453 804 in
478 774 579 803 codice
604 774 672 802 olim
698 773 886 808 Divionensi,
916 773 971 802 iam
995 772 1132 801 Leidensi
1160 771 1371 801 Vossianorum
1394 771 1443 801 fol.

187 839 215 858 n.
231 828 290 859 113
305 836 381 857 saec.
396 825 458 861 Xll,
476 834 534 863 quo
547 825 741 854 continentur
754 828 890 863 excerpta
905 822 1093 862 praescriptis
1107 828 1260 852 auctorum
1275 822 1445 852 nominibus

180 886 245 909 tam
263 888 297 908 ex
318 878 391 907 Mela
409 876 523 915 Capella
540 875 662 904 Aethico
680 884 766 913 quam
785 884 820 904 ex
837 875 938 904 Solino
956 873 1086 909 (Solinus
1099 873 1320 913 polistoriarum
1343 873 1443 912 appel-

181 931 284 967 latur).
330 933 453 967 propter
477 926 620 965 originem
646 926 755 955 codicis
787 931 815 955 et
835 922 1091 955 ‘Normannorum
1118 917 1275 953 saevitiam’
1305 924 1333 953 in
1358 933 1444 963 prae-

183 981 293 1010 satione
324 983 516 1009 memoratam
547 982 575 1006 et
597 977 838 1015 inscriptionem,
871 985 945 1014 quae
976 975 1047 1004 haec
1077 979 1136 1004 est:
1166 974 1303 1014 d(omno)
1325 984 1444 1004 venera-

185 1032 293 1062 billimo
310 1033 424 1069 reyique
446 1029 651 1068 yloriosissz'mo
676 1028 709 1067 d(
713 1037 797 1057 omno
802 1027 812 1067 )
830 1027 857 1057 K
863 1026 873 1066 (
877 1025 971 1065 arolo)
997 1025 1039 1065 G(
1194 1025 1206 1064 )
1229 1034 1378 1055 servorum
1401 1026 1446 1055 dei

185 1086 311 1113 eaetz'mus
334 1081 486 1111 Dummler
509 1082 606 1117 (neues
629 1079 734 1109 Archiv
755 1081 783 1113 4,
804 1080 876 1115 177)
900 1076 1144 1107 commentarium
1167 1076 1295 1106 coniecit
1316 1076 1445 1116 inscrip-

183 1140 246 1163 tum
261 1143 324 1163 esse
334 1132 441 1162 Karolo
455 1131 536 1161 calvo
551 1130 743 1167 (840—877)
758 1130 818 1168 regi
833 1129 974 1158 Franciae
987 1127 1189 1163 occidentalis,
1205 1127 1232 1157 id
1247 1128 1325 1166 quod
1338 1127 1444 1157 deinde

184 1184 370 1215 confirmavit
387 1182 533 1212 Traubius
552 1182 642 1219 (poet.
660 1181 722 1210 Lat.
739 1181 888 1210 mediiaevi
904 1179 960 1208 vol.
978 1180 995 1210 3
1014 1188 1042 1217 p.
1056 1178 1129 1215 438)
1154 1177 1255 1208 adlatis
1278 1187 1352 1217 quae
1375 1178 1444 1208 inde

185 1240 322 1274 excerpta
364 1239 434 1263 sunt
474 1233 504 1262 in
539 1232 658 1261 scholiis
693 1231 868 1261 Heiricianis
909 1230 942 1259 ad
974 1229 1060 1258 vitam
1095 1229 1123 1258 S.
1155 1229 1292 1258 Germani
1326 1230 1444 1268 scriptis

183 1296 208 1316 c.
232 1296 257 1315 a.
284 1287 354 1317 875.
394 1283 513 1313 adhibui
536 1283 725 1322 Anonymum
755 1281 918 1312 secundum
949 1280 1108 1310 editionem
1140 1281 1244 1310 factam
1274 1289 1288 1309 a
1312 1280 1444 1309 Maximi-

180 1338 265 1367 liano
290 1336 409 1365 Manilio
434 1333 575 1372 (Dresdae
598 1342 623 1362 a.
648 1334 750 1371 1884).

274 1389 322 1419 13.
342 1384 794 1416 HElRICVSAutissiodorensis
807 1392 865 1413 c.a.
877 1384 938 1414 875
951 1386 1067 1421 praeter
1081 1382 1177 1411 locum
1192 1382 1245 1411 sub
1260 1382 1443 1420 praescripto

183 1445 214 1470 ut
237 1440 297 1478 fert
325 1439 482 1468 auctor-ilas
505 1435 629 1464 relatum
654 1436 683 1465 in
707 1435 856 1465 miraculis
879 1434 973 1464 sancti
997 1433 1135 1462 Germani
1158 1435 1195 1469 (v.
1219 1433 1252 1461 ad
1277 1442 1305 1471 p.
1322 1434 1373 1468 99,
1394 1432 1445 1472 14)

186 1490 376 1521 collectaneis
410 1488 470 1517 suis
504 1487 625 1516 servatis
659 1487 688 1516 in
719 1486 870 1515 codicibus
900 1484 1031 1514 Parisino
1065 1484 1146 1515 8818
1177 1492 1253 1515 saec.
1282 1483 1385 1521 XIJXH
1415 1488 1445 1512 et

182 1540 338 1572 Nicaeensi
363 1549 439 1569 saec.
464 1538 532 1573 xil,
563 1538 599 1566 de
630 1537 736 1576 quibus
766 1537 826 1576 egit
849 1535 994 1565 'rraubius
1018 1537 1105 1572 (mus.
1129 1535 1223 1564 Rhen.
1248 1536 1286 1565 47
1311 1543 1335 1563 a.
1362 1534 1443 1565 1892

182 1603 210 1632 p.
229 1593 290 1624 558
315 1601 376 1630 seq.
401 1595 429 1620 et
453 1594 532 1629 poet.
549 1589 611 1618 Lat.
636 1589 711 1618 med.
735 1589 796 1617 aevi
816 1589 844 1623 3,
869 1588 952 1624 425),
977 1591 1114 1624 excerpta
1137 1595 1172 1615 ex
1196 1590 1298 1615 nostro
1322 1590 1444 1614 auctore

183 1643 308 1673 inseruit
331 1642 472 1680 inscripta
496 1640 613 1670 Solinus
635 1649 673 1670 ea:
695 1638 929 1669 memorabilibus
951 1640 1026 1667 inter
1048 1642 1147 1666 cetera.
1193 1636 1385 1665 continentur
1408 1635 1443 1665 iis

181 1694 258 1724 edita
281 1704 309 1733 p.
338 1694 385 1728 18,
411 1694 428 1723 8
453 1694 528 1721 inter
551 1713 558 1719 .
576 1713 607 1720 ..
635 1692 682 1726 19,
710 1691 747 1721 13
771 1690 841 1720 obiit
864 1694 891 1718 et
915 1689 965 1723 25,
989 1690 1007 1718 4
1031 1697 1131 1717 verum
1155 1709 1161 1716 .
1186 1709 1193 1716 .
1218 1709 1224 1716 .
1249 1687 1298 1721 28,
1323 1687 1342 1716 2
1366 1686 1441 1715 litte-

181 1754 294 1774 rarum.
348 1744 455 1772 librum
485 1741 617 1771 adhibuit
647 1741 747 1770 classis
771 1740 927 1770 secundae.
973 1743 1110 1777 excerpta
1135 1747 1167 1767 ea
1191 1737 1338 1776 descripta
1366 1737 1445 1766 misit

181 1795 338 1830 Traubius,
364 1794 414 1823 sed
439 1802 505 1822 cum
530 1802 591 1821 non
617 1791 761 1821 haberent
785 1795 887 1820 notatu
912 1790 1009 1828 digua,
1034 1790 1196 1818 examinata
1219 1788 1321 1818 abieci.

270 1845 357 1875 Medii
381 1844 441 1874 aevi
466 1847 602 1873 auctores
627 1842 744 1872 Heirico
768 1841 913 1880 aequales,
938 1845 970 1869 ut
992 1839 1171 1869 Adrevaldus
1194 1839 1389 1869 Floriacensis
1412 1839 1441 1869 in

184 1897 333 1926 miraculis
357 1895 449 1925 sancti
474 1893 623 1923 Benedicti
650 1893 725 1932 (MG.
751 1893 802 1922 SS.
829 1894 876 1927 15,
894 1893 967 1929 474)
992 1896 1018 1920 et
1036 1890 1211 1920 Walal'ridus
1234 1890 1262 1919 in
1287 1890 1342 1919 vita
1366 1890 1443 1920 beati

185 1947 259 1977 Galli
284 1946 382 1984 (Sanct
408 1946 505 1976 Galler
528 1944 621 1974 Mz'ctlz.
651 1945 705 1983 fiir
733 1943 959 1973 vaterlczndische
984 1942 1138 1972 Geschichte
1166 1941 1220 1970 vol.
1246 1943 1285 1971 24
1309 1950 1334 1970 a.
1362 1942 1442 1973 1890

182 2008 210 2037 p.
223 2000 251 2030 3.
262 1996 303 2037 4),
312 1998 357 2027 vel
370 1997 550 2036 posteriores
559 1996 686 2025 Adamus
695 1994 873 2029 Bremensis,
882 1993 1056 2023 Vincentius
1064 1992 1287 2027 Bellovacensis,
1296 1992 1444 2021 Iohannes

183 2048 420 2083 Sarisheriensis,
438 2047 532 2077 Guido
546 2047 671 2076 Pisanus
688 2048 728 2084 (p.
744 2047 792 2081 37,
808 2046 942 2082 10-16)
960 2044 1060 2083 s‘perni
1082 2048 1252 2083 potuerunt.
1277 2043 1443 2081 composuit

183 2100 245 2129 eius
269 2099 387 2138 generis
411 2098 610 2137 adlegationes
626 2097 765 2126 Manitius
788 2096 817 2125 in
838 2096 980 2133 Philologi
1003 2094 1058 2123 vol.
1076 2096 1115 2125 47
1140 2104 1165 2123 a.
1184 2094 1265 2125 1889
1290 2103 1317 2132 p.
1336 2094 1397 2124 562
1413 2098 1443 2123 et

181 2151 236 2180 vol.
269 2152 305 2182 51
337 2158 361 2179 a.
395 2151 475 2181 1892
506 2159 534 2188 p.
561 2150 630 2179 191.
691 2147 787 2176 medio
822 2156 892 2176 aevo
923 2151 990 2175 ante
1021 2154 1131 2175 annum
1162 2144 1349 2174 millesimum
1380 2154 1440 2174 non
