1593 2409
649 103 753 131 XLVII

199 195 280 235 loyus
303 196 420 234 z'ncipic3
450 193 645 232 subscriptio:
676 191 749 221 Iulii
771 190 868 220 solini
907 188 944 218 ad
971 187 1156 218 leeodosz'um
1176 186 1337 226 principem

199 247 232 277 de
254 246 437 276 mi'rabilibus
459 244 563 274 mundi
585 243 656 274 liber
678 242 807 282 emplz'cic.

158 306 309 337 PATAVII

71 359 151 390 ³²11ss
175 358 255 388 univ.
281 367 310 387 n.
338 358 429 388 1234.
467 356 550 385 adest
572 353 715 394 praefatio
740 351 849 391 spuria.

158 417 348 448 PERUSIAE

76 470 156 501 *119
180 470 203 499 D
228 479 258 500 n.
282 469 332 500 32.

160 528 294 559 ROMAE

78 583 138 612 120
162 580 320 610 Vaticanus
344 588 373 607 n.
400 578 481 608 1699
506 573 673 605 saec.X1V.
709 572 864 611 inscriptio
889 572 930 610 (in
955 570 1098 609 margine,
1122 569 1173 599 sed
1197 577 1286 598 manu
1310 572 1343 597 ut

205 631 320 660 videtur
343 628 472 666 eadem:
503 627 535 656 de
558 629 616 656 situ
641 625 717 655 orbis
740 630 814 654 terre
836 629 861 653 et
885 624 917 653 de
940 625 1011 661 εἴπῃ.
1036 623 1103 651 mir.
1127 620 1246 655 mundi;
1270 619 1341 649 sub-

209 681 348 720 scriptio:
372 679 445 709 Iulz'z'
467 678 564 708 Solz'm'
585 676 822 707 collectaneorum
845 675 917 704 liber
940 673 1065 713 eoeplz'cit.

79 736 136 765 121
164 743 193 763 n.
220 733 300 764 1860
332 740 408 761 saec.
434 729 508 759 XIV.
552 727 749 766 subscriptio:
783 726 900 766 ewplz'cz'c
926 725 1079 765 poliliiscor
1113 723 1216 753 Solimi.
1263 721 1344 751 adest

205 782 352 823 praefatio
377 781 487 820 spuria.
525 780 634 809 divisus
657 784 701 808 est
724 778 754 807 in
778 778 871 807 libros
895 786 1020 806 numero
1044 774 1157 804 XXXV.

81 846 140 876 122
165 854 196 874 n.
222 844 304 875 1933
329 851 405 872 saec,
429 841 489 870 XV.
530 839 702 878 inscriptio:
737 838 767 868 C.
791 837 862 867 Iulii
883 837 982 866 Solim‘
1002 838 1061 866 sive
1089 836 1244 874 yramatici
1269 833 1346 873 poli-

208 895 307 934 hystor
329 893 363 923 ab
387 895 447 932 ipso
472 893 514 921 ed.
538 897 564 921 et
579 901 633 921 rec.
658 891 690 920 de
712 891 771 920 situ
794 899 820 919 0.
844 894 865 920 t.
889 894 914 918 et
938 888 970 918 de
992 898 1013 917 s.
1038 888 1105 916 mir.
1130 897 1155 926 q.
1179 888 1211 915 in
1233 895 1272 914 m.
1295 884 1344 914 ha-

210 946 322 975 bentur.
361 944 443 974 adest
466 942 608 982 praefatio
631 942 742 981 spuria.

84 1008 142 1039 123
167 1016 198 1036 n.
225 1007 308 1037 1934
332 1014 408 1034 saec.
432 1003 492 1032 XV.
536 1002 714 1041 subscriptio
739 1000 961 1030 Theodosiana:
989 998 1012 1028 Ι.
1037 998 1066 1028 S.
1091 997 1166 1037 empl.
1190 996 1240 1035 fel.
1263 1002 1297 1026 st.
1322 1001 1348 1025 ec

216 1058 242 1086 d.
268 1057 367 1086 domni
393 1054 442 1084 Th.
467 1056 528 1084 inv.
549 1063 595 1093 pr.

32 1119 55 1149 R
83 1119 142 1148 124
167 1127 196 1146 n.
228 1116 311 1147 3342
340 1125 416 1145 saec.
452 1114 478 1143 X
514 1115 642 1153 scriptus
679 1115 803 1143 fortasse
843 1111 956 1147 Casini⁷
1001 1110 1080 1140 unde
1118 1108 1271 1149 probabile
1307 1112 1352 1136 est

212 1167 350 1197 habuisse
380 1175 447 1195 eum
479 1165 613 1195 Fulvium
638 1164 780 1194 Ursinum
804 1163 927 1201 (Nolhac
957 1162 984 1191 la
1014 1161 1198 1200 bibliotheque
1225 1160 1257 1189 de
1279 1158 1350 1188 Ful-

210 1220 257 1248 vio
284 1218 385 1248 Orsini
405 1217 525 1246 Parisiis
552 1217 632 1248 1887
657 1226 686 1255 p.
711 1216 794 1252 275).
841 1214 1006 1244 observavit
1029 1212 1189 1247 Sickelius,
1214 1211 1264 1250 qui
1288 1219 1351 1239 mea

212 1279 299 1300 causa
336 1268 445 1298 librum
483 1267 675 1303 examinavit,
712 1267 906 1296 litteraturam
942 1265 1118 1295 simillimam
1150 1273 1213 1293 esse
1243 1262 1353 1291 codicis

213 1320 356 1351 Casinatis
387 1329 416 1349 n.
449 1320 487 1350 76
520 1319 763 1357 reliquorumque
792 1316 937 1346 librorum
967 1316 1147 1354 scriptorum
1172 1313 1270 1344 Casini
1297 1313 1352 1342 sub

213 1372 319 1402 abbate
337 1371 478 1409 Aligerno
495 1370 701 1407 (949-996).
738 1378 793 1408 ego
817 1368 930 1398 contuli
953 1368 1074 1398 Romae.
1098 1383 1139 1388 -—
1162 1366 1233 1395 Post
1256 1364 1354 1394 rubri—

216 1432 316 1453 carum
340 1422 525 1457 laterculum,
549 1421 599 1459 qui
622 1420 857 1459 praescriptione
881 1424 970 1455 caret,
994 1419 1129 1458 sequitur
1151 1417 1206 1447 sub
1231 1415 1355 1454 inscrip-

214 1476 295 1505 tione
312 1474 430 1504 Solinus
446 1474 570 1503 Aclvento
594 1471 715 1502 salutem
738 1471 891 1510 praefatio⁷
916 1471 1023 1500 deinde
1045 1470 1108 1499 sine
1125 1469 1211 1498 titulo
1228 1467 1354 1497 libellus.

215 1526 245 1556 in
270 1527 329 1555 siue
353 1525 495 1554 deficiunt
511 1533 539 1563 p.
560 1525 629 1559 197,
647 1524 665 1553 2
688 1532 728 1552 ua
751 1524 783 1552 in
806 1528 916 1552 sextam
936 1545 942 1551 .
962 1544 967 1551 .
986 1544 993 1550 .
1010 1522 1082 1556 202⁷
1104 1523 1140 1551 14
1156 1518 1354 1550 mansionibus

217 1577 314 1607 beroni
336 1581 365 1605 et
386 1585 490 1605 rursus
514 1579 642 1604 extrema
664 1573 733 1602 inde
750 1583 764 1602 a
782 1583 810 1612 p.
828 1574 899 1608 203,
920 1575 957 1604 14
982 1578 1007 1602 et
1031 1574 1167 1610 sexagies,
1193 1579 1282 1609 quem
1306 1569 1357 1598 de-

217 1629 326 1658 fectum
344 1631 437 1657 totum
454 1627 516 1655 sere
533 1626 631 1664 explet
647 1625 739 1654 codex
757 1634 792 1654 ex
808 1624 864 1653 hoc
878 1625 1030 1653 etiamtum
1043 1623 1177 1662 pleniore
1191 1621 1357 1659 descriptus

218 1679 376 1709 Vaticanus
398 1678 518 1717 reginae
545 1687 572 1706 n.
592 1678 673 1708 1875
699 1677 787 1714 (infra
810 1686 840 1705 n.
860 1677 942 1713 140).
968 1692 1009 1696 -
1032 1674 1098 1713 Ipse
1122 1673 1259 1703 librarius
1283 1681 1358 1710 quae

218 1730 339 1760 mutavit
353 1728 428 1768 (Bb),
444 1729 621 1767 plerumque
635 1728 669 1757 ad
681 1728 873 1767 archetypum
887 1730 1020 1756 correcta
1033 1729 1112 1761 sunt,
1129 1734 1196 1754 raro
1209 1728 1358 1762 corrupta,

220 1786 252 1812 ut
270 1782 341 1817 186,
358 1783 377 1811 4
393 1781 511 1817 calores]
528 1779 659 1809 colorem.
691 1779 788 1818 sprevi
805 1787 880 1816 quae
897 1778 1019 1807 mutavit
1034 1786 1141 1806 manus
1157 1775 1287 1805 secunda
1305 1774 1359 1803 alia

219 1833 345 1862 derivata
369 1841 404 1862 ex
421 1831 572 1861 codicibus
588 1831 767 1870 vulgaribus,
791 1830 845 1859 alia
861 1839 896 1859 ex
913 1829 1095 1862 coniectura,
1118 1832 1151 1856 ut
1167 1831 1237 1856 sunt
1252 1828 1303 1862 41,
1323 1827 1361 1857 13

221 1886 342 1924 puniceo
365 1883 458 1913 colore
482 1884 634 1913 rubescunt
660 1899 696 1903 —
722 1884 772 1917 41,
792 1883 828 1912 17
846 1878 931 1922 alias]
955 1880 1026 1910 alibi
1047 1896 1087 1900 —
1111 1881 1167 1914 44,
1185 1879 1203 1908 9
1228 1877 1358 1906 additum

225 1935 341 1966 Corsica
370 1935 467 1965 insula
494 1934 592 1964 multis
615 1935 829 1973 promuntorz'z's
859 1931 999 1970 angulosa
1030 1954 1036 1960 .
1061 1953 1067 1959 .
1093 1952 1099 1959 .
1131 1932 1163 1959 in
1193 1929 1249 1959 lato
1279 1928 1361 1957 milia

222 1996 360 2027 passuum
386 1985 487 2015 XXVI
508 1985 683 2023 similiaque.

100 2040 158 2070 125
183 2048 212 2069 n.
238 2039 320 2070 3343
345 2047 419 2068 saec.
442 2037 478 2072 X,
502 2037 571 2066 item
596 2037 665 2066 olim
690 2035 782 2065 Fulvii
801 2034 901 2065 Ursini
929 2035 978 2072 (cf.
1004 2033 1116 2063 Nolbac
1139 2032 1157 2061 l.
1182 2041 1206 2061 c.
1231 2041 1259 2070 p.
1276 2029 1361 2069 276).

227 2090 381 2129 inscriptio
406 2094 435 2119 et
457 2088 654 2127 subscriptio:
679 2088 750 2117 liber
772 2086 842 2116 Iulii
864 2086 960 2116 Solim·
983 2086 1014 2115 de
1037 2087 1094 2114 situ
1118 2083 1194 2114 orbis
1218 2088 1364 2112 terrarum

227 2146 252 2171 et
289 2142 320 2171 de
356 2140 478 2179 sinyulis
514 2139 696 2169 mirabilibus
732 2148 802 2178 quae
835 2139 911 2178 fiunt
949 2139 979 2166 in
1015 2136 1122 2165 mundo
1154 2136 1235 2173 (quae
1264 2133 1369 2162 mundi

227 2192 336 2223 ambitu
360 2194 544 2222 continentur
567 2191 703 2228 subscr.).
750 2190 809 2229 egit
839 2189 874 2218 de
905 2188 980 2218 libro
1004 2187 1119 2217 Alcides
1143 2186 1223 2215 Mace
1247 2194 1288 2214 un
1311 2185 1368 2213 im-
