1706 2446
807 92 865 120 191

140 198 184 218 121„
223 192 235 217 1
259 186 388 217 robustis
417 185 542 219 viribus⁷
574 188 606 213 ut
635 182 808 222 elephantos
835 180 868 209 ad
893 184 996 218 potum
1020 178 1198 209 ventitantes
1223 176 1371 206 mordicus
1395 183 1467 204 con-

222 245 236 269 2
258 238 403 278 prehensa
427 237 559 276 ipsorum
585 243 673 264 manu
697 233 813 272 rapiant
836 232 866 260 in
890 230 1084 270 profundum.

57 302 100 321 PL.
119 292 149 327 9,
166 293 185 322 4
222 296 236 319 3
337 288 349 330 l}
376 288 475 318 Indica
504 286 594 316 maria
623 285 760 315 balaenas
790 282 900 312 habent
928 282 1003 311 ultra
1033 281 1124 320 spatia
1155 284 1294 319 quattuor
1322 279 1468 317 iugerum,
1492 273 1543 309 52,
1568 275 1608 305 42

58 353 101 373 PL.
119 343 147 378 9,
165 342 183 373 8
220 347 235 369 4
258 340 267 381 ΙΙ
295 340 344 370 sed
376 344 405 369 et
428 348 502 378 quos
525 338 697 377 physeteras
720 339 912 373 nuncupant,
943 333 993 372 qui
1018 341 1156 362 enormes
1180 339 1268 370 supra
1291 329 1399 359 molem
1423 328 1469 357 in-

224 398 238 421 5
261 392 394 431 gentium
422 390 627 420 columnarum
650 388 726 417 ultra
749 391 904 416 antemnas
927 394 958 414 se
982 384 1099 414 navium
1123 382 1266 412 extollunt
1289 381 1472 418 haustosque

225 449 239 473 6
262 443 366 473 fistulis
389 444 496 472 fluctus
518 441 557 470 ita
580 443 732 474 eructant,
756 443 788 468 ut
810 437 943 467 nimbosa
968 435 1082 465 adluvie
1104 433 1281 473 plerumque
1305 431 1473 470 deprimant

226 502 239 525 τ
261 495 357 525 alveos
381 492 590 532 navigantium.

9 558 52 578 PL.
69 548 188 582 10,117
226 552 240 576 S
342 544 352 585 ΙΙ
370 545 438 574 Sola
454 543 536 573 India
553 542 642 572 mittit
657 549 738 571 avem
755 540 912 580 psittacum
936 538 1035 568 colore
1060 536 1179 566 viridem
1203 540 1309 574 torque
1332 534 1470 574 puniceo7
1495 532 1535 562 43

226 604 240 627 9
262 597 346 628 cuius
363 596 450 626 rostri
473 599 552 624 tanta
576 593 682 623 duritia
706 597 760 627 est,
783 596 816 621 ut
838 600 905 621 cum
930 600 945 620 e
968 588 1085 620 sublimi
1108 587 1282 627 praecipitat
1304 586 1334 616 in
1359 594 1470 620 saxum,

213 654 240 678 10
263 648 331 678 nisu
359 657 390 677 se
420 647 481 677 oris
510 645 636 685 excipiat
658 648 688 674 et
711 643 837 682 quodam
862 642 944 681 quasi
969 640 1163 671 fundamento
1188 642 1287 668 utatur
1309 636 1471 667 extraordi-

214 705 240 729 11
263 699 363 729 nariae
386 697 548 728 firmitatis:
573 700 663 735 caput
685 704 753 725 vero
777 699 836 724 tam
859 693 968 728 valens,
991 696 1026 722 ut
1048 692 1071 722 si
1095 690 1214 730 quando
1238 689 1271 719 ad
1297 687 1470 718 discendum
1495 687 1536 716 44

214 756 241 780 12
263 750 356 790 plagis
370 750 408 780 sit
423 748 628 779 admonendus
652 749 733 785 (nani
756 746 855 776 studet
878 749 911 774 ut
934 743 1013 783 quod
1035 742 1172 773 homines
1194 740 1355 780 loquatur),
1378 740 1472 768 ferrea

10 815 53 835 PL.
70 804 187 840 10‚119
211 808 239 832 13
262 801 399 832 clavicula
416 801 453 831 sit
468 799 679 830 verberandus.
718 796 730 839 ll
746 797 816 827 dum
832 797 861 826 in
879 796 960 836 pullo
977 800 1022 825 est
1044 799 1131 833 atque
1154 793 1226 823 adeo
1250 792 1326 822 intra
1350 790 1474 820 alterum

69 848 142 872 φῶτ’
214 858 242 883 14
264 853 366 883 aetatis
394 861 464 883 suae
493 861 605 881 annum
638 859 712 889 quae
741 853 904 879 monstrata
934 852 1003 878 sunt
1032 850 1061 876 et
1090 845 1176 875 citius
1205 842 1291 873 discit
1314 846 1342 871 et
1365 841 1475 871 retinet

215 910 242 934 15
265 904 413 934 tenacius:
443 903 531 943 paulo
561 902 662 933 senior
691 906 720 931 et
749 899 909 930 obliviosus
938 904 982 929 est
1011 902 1040 928 et
1069 896 1215 927 indocilis.
1259 895 1338 924 inter
1362 893 1476 923 nobiles
1500 892 1541 922 45

216 961 244 986 16
267 961 296 986 et
324 955 470 995 ignobiles
499 954 708 984 discretionem
740 952 897 991 digitorum
934 950 1004 980 facit
1038 956 1195 978 numerus:
1232 946 1282 985 qui
1315 948 1477 985 praestant,

218 1013 244 1036 Π
269 1007 377 1046 quinos
407 1006 436 1036 in
461 1005 552 1045 pedes
573 1004 685 1034 habent
708 1003 832 1042 digitos,
859 1002 950 1032 ceteri
974 1006 1085 1030 ternos.
1123 999 1224 1038 lingua
1246 997 1303 1027 lata
1326 995 1479 1034 multoque

219 1064 246 1088 18
269 1059 355 1088 latior
379 1066 465 1096 quam
491 1057 596 1087 ceteris
619 1055 735 1085 avibus:
763 1054 842 1084 unde
865 1052 1027 1093 perficitur,
1052 1057 1082 1081 ut
1107 1050 1258 1080 articulata
1281 1047 1370 1077 verba
1394 1045 1479 1085 peni-

308 1191 414 1219 RCNH
430 1190 607 1226 L[L](i7zcc‘pz'c
627 1199 649 1217 v.
671 1192 701 1217 15
720 1187 914 1224 paulo)QG(B)
933 1186 1005 1213 SAP

309 1252 331 1271 v.
357 1244 371 1269 3
394 1243 489 1269 Indica.
506 1257 539 1261 —
557 1244 570 1267 ἵ
597 1241 778 1275 navigantium
803 1239 950 1274 exscripsit
974 1237 1067 1265 Diouil
1085 1239 1113 1268 7,
1132 1237 1164 1262 25
1287 1242 1310 1261 v.
1333 1236 1349 1266 ,S
1372 1232 1432 1259 sola
1449 1246 1481 1250 —-

226 1288 282 1319 192,
299 1290 307 1313 1
323 1286 465 1320 eloquatur
477 1284 661 1320 compilarunt
673 1282 835 1310 Priscianus
848 1290 871 1308 v.
887 1283 959 1308 1033.
976 1282 1041 1307 1034
1053 1282 1079 1307 ec
1092 1277 1219 1305 Isidorus
1234 1279 1272 1309 12,
1287 1279 1309 1308 7,
1325 1278 1369 1309 243
1383 1274 1483 1302 similia

223 1329 376 1365 Appuleius
391 1329 454 1364 flor.
469 1330 492 1359 2,
508 1330 546 1355 12.

315 1436 321 1458 1
345 1432 503 1466 elephantes
516 1431 575 1458 Dic.
646 1432 788 1456 uentantes
802 1429 825 1454 Α
895 1426 1016 1453 mordicu
1030 1424 1058 1457 S,
1078 1424 1235 1451 mordicitus
1254 1422 1287 1453 R,
1306 1420 1428 1447 modicus
1448 1422 1483 1450 H,

225 1475 345 1502 mordaci
363 1474 423 1502 Dic.
479 1473 687 1507 comprehensos
704 1470 842 1498 SAPDic.
867 1474 964 1496 contra
983 1468 1103 1495 Plinium
1158 1468 1172 1492 3
1191 1466 1280 1492 indica
1294 1485 1300 1491 .
1315 1485 1321 1490 .
1337 1485 1342 1490 .
1362 1464 1483 1496 iugerum

226 1525 277 1543 om.
292 1517 342 1544 Rc
409 1517 530 1544 hellenas
549 1516 620 1547 libri,
638 1515 757 1541 hellenas
776 1512 798 1545 Q
811 1513 871 1539 Dic.
941 1512 1070 1545 iugerum]
1088 1510 1106 1535 i.
1125 1509 1152 1535 in
1171 1507 1336 1541 longitudine
1355 1506 1415 1532 Dic.

226 1563 242 1586 4
261 1560 309 1586 sed
327 1561 362 1591 et]
382 1562 445 1586 sunt
463 1560 489 1585 et
508 1558 585 1589 δύ),
610 1560 674 1584 sunt
692 1560 718 1584 H
787 1556 909 1582 fiseteras
928 1554 986 1585 LG,
1005 1554 1121 1579 fisiteras
1140 1551 1196 1582 RC,
1218 1550 1344 1576 fusiteras
1365 1550 1398 1579 H,
1417 1548 1484 1574 fusi-

226 1603 317 1628 terant
336 1602 376 1633 N,
399 1602 525 1628 susiteres
545 1601 620 1632 Dion,
642 1600 751 1626 fisteras
770 1598 807 1631 Q,
830 1598 963 1632 fyseteras
982 1597 1018 1627 Α,
1037 1598 1170 1629 syseteras
1190 1594 1219 1624 S,
1238 1594 1339 1626 l'ysetas
1358 1590 1384 1617 P

226 1647 396 1677 nuncupant]
418 1645 558 1671 nominant
576 1642 676 1675 LQGP
777 1648 860 1675 supra
877 1640 983 1670 molem]
1002 1639 1074 1665 ultra
1092 1636 1201 1664 moduni
1220 1634 1265 1661 SA
1370 1636 1384 1659 5
1404 1633 1486 1663 ultra]

226 1691 287 1714 utra-
306 1687 347 1719 N,
369 1695 452 1720 supra
471 1686 516 1713 SA
620 1690 758 1712 antemnes
777 1683 799 1716 O
903 1682 1033 1709 extollant
1051 1679 1099 1713 QG
1203 1680 1218 1704 6
1237 1677 1343 1703 fistulos
1363 1676 1384 1702 S

226 1730 273 1761 ita]
294 1730 379 1756 indita
397 1730 456 1756 Dic.
470 1730 540 1762 (Dr.)
621 1729 717 1755 nibosa
735 1727 761 1754 R
841 1725 958 1756 adluuie]
978 1723 1079 1750 diluuie
1098 1722 1135 1748 Ρ2
1217 1720 1377 1754 deprimunt]
1399 1718 1420 1744 S

229 1775 242 1798 7
262 1773 339 1800 alueo
353 1774 376 1799 A
462 1772 598 1805 nauigium
612 1771 656 1798 SA
744 1772 758 1796 S
778 1777 855 1796 auem
875 1769 1000 1794 sittaeum
1018 1766 1044 1797 C,
1062 1766 1137 1800 psitt.
1157 1772 1200 1790 au.
1220 1762 1265 1789 SA
1352 1761 1439 1788 uiride
1459 1760 1487 1791 C,

228 1815 307 1842 uiridi
326 1817 366 1847 H,
391 1816 479 1842 uidem
499 1815 521 1848 Q
625 1817 639 1841 9
660 1813 703 1840 cui
724 1814 743 1837 (ι’
848 1814 872 1842 e]
892 1818 920 1837 se
939 1818 953 1837 e
972 1812 1025 1841 Ha,
1051 1817 1103 1835 om.
1123 1806 1187 1839 RssQ
1290 1804 1487 1839 praecipitatur

227 1858 291 1885 N²A
400 1861 428 1885 10
448 1858 501 1885 nisi
519 1856 633 1890 MIQU)
735 1855 920 1886 fundamento]
941 1852 1075 1887 praesidio
1095 1849 1180 1877 ,ΞΑΡ2
1271 1851 1348 1874 extra
1367 1846 1488 1873 ordinem

228 1902 278 1930 Ro
365 1905 391 1928 11
419 1904 484 1933 tam]
509 1904 613 1927 tantum
633 1901 660 1926 H
746 1898 790 1929 ad]
809 1905 825 1923 a
844 1896 864 1923 S
955 1897 984 1921 12
1003 1895 1046 1926 sit]
1067 1894 1117 1921 siet
1137 1891 1210 1925 LQP
1295 1887 1487 1918 admonendus]

228 1945 421 1972 ammonefidus
436 1945 456 1970 G
544 1945 615 1974 nam]
633 1950 688 1968 non
707 1944 734 1969 H
819 1939 927 1966 homine
945 1938 968 1970 Q
1054 1937 1190 1970 loquatur]
1209 1935 1354 1968 loquantur
1373 1930 1422 1962 Ra,
1440 1930 1488 1956 ad-

228 1989 354 2021 loquatur
373 1986 472 2020 LQGP
577 1988 606 2013 13
631 1984 766 2012 clauicula
790 1992 842 2010 om.
862 1984 890 2010 H
992 1981 1064 2011 dum]
1089 1986 1151 2005 nam
1174 1985 1235 2004 cum
1253 1974 1357 2002 RCNH
1460 1972 1489 1997 in

229 2031 311 2064 pullo]
331 2031 419 2064 pullus
440 2028 524 2056 SAP²
542 2037 602 2055 cum
620 2027 757 2063 Appuleio
840 2025 914 2059 atqui
932 2027 954 2050 Α
1043 2026 1069 2048 14
1088 2023 1237 2048 monstrate
1258 2020 1277 2043 G
1362 2019 1392 2042 15
1413 2016 1488 2040 tena-

231 2073 288 2099 cius
313 2075 362 2099 ret.
382 2072 455 2099 SAP
558 2072 639 2106 paulo
664 2070 754 2097 senior
775 2068 893 2101 (segnior
912 2066 963 2098 [L])
988 2067 1015 2091 et
1038 2065 1092 2092 obl.
1116 2065 1168 2094 est]
1190 2062 1276 2088 maior
1300 2060 1382 2094 paulo
1403 2057 1487 2092 (pullo

232 2114 393 2148 Salmasius)
417 2116 524 2149 segnior
542 2118 583 2142 est
602 2116 629 2141 et
648 2113 701 2140 obl.
721 2111 809 2142 SAR·
832 2117 915 2136 senex
936 2111 1032 2141 captus
1051 2110 1078 2133 et
1095 2105 1218 2132 indocilis
1236 2106 1277 2130 est
1296 2106 1322 2129 et
1342 2101 1488 2129 obliviosus

231 2157 332 2192 Appul.
422 2161 453 2185 16
471 2160 499 2184 et.
516 2157 656 2191 ignobiles]
675 2154 710 2181 II
726 2151 913 2186 (MLJQGPu,
933 2154 959 2177 et
976 2150 1095 2184 plebeios
1115 2146 1207 2177 SAPQ
1226 2155 1278 2173 om.
1298 2144 1401 2172 RCNH

235 2202 262 2226 17
283 2200 310 2226 in
334 2200 416 2233 pedes
441 2209 492 2227 om.
513 2200 558 2227 SA
645 2199 697 2231 dig.
715 2197 778 2223 hab.
801 2197 820 2221 G
906 2196 1033 2227 mutaque
1053 2192 1074 2223 Q
1164 2194 1193 2217 IS
1212 2189 1318 2220 ceteris]
1337 2187 1396 2214 aliis
1416 2185 1489 2213 SAP
