<?xml version="1.0" encoding="UTF-8"?>
<!DOCTYPE html PUBLIC "-//W3C//DTD XHTML 1.0 Transitional//EN"
    "http://www.w3.org/TR/xhtml1/DTD/xhtml1-transitional.dtd">
<html xmlns="http://www.w3.org/1999/xhtml" xml:lang="en" lang="en">
 <head>
  <title>
</title>
<meta http-equiv="Content-Type" content="text/html;charset=utf-8" />
  <meta name='ocr-system' content='tesseract 3.04.00' />
  <meta name='ocr-capabilities' content='ocr_page ocr_carea ocr_par ocr_line ocrx_word'/>
</head>
<body>
  <div class='ocr_page' id='page_1' title='image "./collectanearerum00soliuoft_0056.png"; bbox 0 0 1593 2409; ppageno 0'>
   <div class='ocr_carea' id='block_1_1' title="bbox 791 96 841 122">
    <p class='ocr_par' dir='ltr' id='par_1_1' title="bbox 791 96 841 122">
     <span class='ocr_line' id='line_1_1' title="bbox 791 96 841 122; baseline 0 0"><span class='ocrx_word' id='word_1_1' title='bbox 791 96 841 122; x_wconf 88' lang='lat' dir='ltr'>LlI</span> 
     </span>
    </p>
   </div>
   <div class='ocr_carea' id='block_1_2' title="bbox 317 181 1446 576">
    <p class='ocr_par' dir='ltr' id='par_1_2' title="bbox 317 181 1446 576">
     <span class='ocr_line' id='line_1_2' title="bbox 318 181 1444 222; baseline 0.003 -12"><span class='ocrx_word' id='word_1_2' title='bbox 318 182 411 210; x_wconf 88' lang='lat' dir='ltr'>dicem</span> <span class='ocrx_word' id='word_1_3' title='bbox 436 181 521 210; x_wconf 86' lang='lat' dir='ltr'>hodie</span> <span class='ocrx_word' id='word_1_4' title='bbox 545 181 709 210; x_wconf 65' lang='lat' dir='ltr'>Pal-isinum</span> <span class='ocrx_word' id='word_1_5' title='bbox 727 182 819 216; x_wconf 66' lang='grc'>6510,</span> <span class='ocrx_word' id='word_1_6' title='bbox 844 187 977 212; x_wconf 89' lang='lat' dir='ltr'>nostrum</span> <span class='ocrx_word' id='word_1_7' title='bbox 994 182 1026 212; x_wconf 89' lang='lat' dir='ltr'>P.</span> <span class='ocrx_word' id='word_1_8' title='bbox 1066 183 1095 212; x_wconf 93' lang='lat' dir='ltr'>in</span> <span class='ocrx_word' id='word_1_9' title='bbox 1120 183 1220 213; x_wconf 86' lang='lat' dir='ltr'>eadem</span> <span class='ocrx_word' id='word_1_10' title='bbox 1243 184 1350 222; x_wconf 85' lang='lat' dir='ltr'>pagiua</span> <span class='ocrx_word' id='word_1_11' title='bbox 1374 184 1444 213; x_wconf 87' lang='lat' dir='ltr'>item</span> 
     </span>
     <span class='ocr_line' id='line_1_3' title="bbox 323 231 1446 264; baseline 0.004 -4"><span class='ocrx_word' id='word_1_12' title='bbox 323 231 463 261; x_wconf 73' lang='lat' dir='ltr'>scribitur</span> <span class='ocrx_word' id='word_1_13' title='bbox 484 241 520 261; x_wconf 67' lang='lat' dir='ltr'>ew</span> <span class='ocrx_word' id='word_1_14' title='bbox 544 231 707 261; x_wconf 67' lang='lat' dir='ltr'><em>bibliotheca</em></span> <span class='ocrx_word' id='word_1_15' title='bbox 725 232 880 262; x_wconf 70' lang='lat' dir='ltr'>Mazariua</span> <span class='ocrx_word' id='word_1_16' title='bbox 898 232 1012 262; x_wconf 73' lang='lat' dir='ltr'>Gabriel</span> <span class='ocrx_word' id='word_1_17' title='bbox 1027 233 1190 263; x_wconf 76' lang='lat' dir='ltr'>Naudaeus.</span> <span class='ocrx_word' id='word_1_18' title='bbox 1229 234 1320 264; x_wconf 82' lang='lat' dir='ltr'>codex</span> <span class='ocrx_word' id='word_1_19' title='bbox 1343 235 1446 264; x_wconf 83' lang='lat' dir='ltr'>editio-</span> 
     </span>
     <span class='ocr_line' id='line_1_4' title="bbox 321 282 1446 321; baseline 0.003 -10"><span class='ocrx_word' id='word_1_20' title='bbox 321 282 366 312; x_wconf 85' lang='lat' dir='ltr'>nis</span> <span class='ocrx_word' id='word_1_21' title='bbox 389 282 496 321; x_wconf 87' lang='lat' dir='ltr'>prioris</span> <span class='ocrx_word' id='word_1_22' title='bbox 519 291 605 312; x_wconf 85' lang='lat' dir='ltr'>causa</span> <span class='ocrx_word' id='word_1_23' title='bbox 629 282 673 311; x_wconf 90' lang='lat' dir='ltr'>bis</span> <span class='ocrx_word' id='word_1_24' title='bbox 696 283 818 312; x_wconf 81' lang='lat' dir='ltr'>collatus</span> <span class='ocrx_word' id='word_1_25' title='bbox 842 288 885 313; x_wconf 89' lang='lat' dir='ltr'>est</span> <span class='ocrx_word' id='word_1_26' title='bbox 907 284 1078 313; x_wconf 86' lang='lat' dir='ltr'>Berolinum</span> <span class='ocrx_word' id='word_1_27' title='bbox 1102 285 1208 314; x_wconf 89' lang='lat' dir='ltr'>missus</span> <span class='ocrx_word' id='word_1_28' title='bbox 1230 294 1245 314; x_wconf 92' lang='lat' dir='ltr'>a</span> <span class='ocrx_word' id='word_1_29' title='bbox 1261 285 1446 314; x_wconf 87' lang='lat' dir='ltr'>Bethmanno</span> 
     </span>
     <span class='ocr_line' id='line_1_5' title="bbox 319 333 1446 375; baseline 0.003 -13"><span class='ocrx_word' id='word_1_30' title='bbox 319 333 513 362; x_wconf 76' lang='lat' dir='ltr'>bibliothecae</span> <span class='ocrx_word' id='word_1_31' title='bbox 537 338 598 362; x_wconf 76' lang='lat' dir='ltr'>tuin</span> <span class='ocrx_word' id='word_1_32' title='bbox 623 338 788 375; x_wconf 81' lang='lat' dir='ltr'>praesecto,</span> <span class='ocrx_word' id='word_1_33' title='bbox 817 334 944 372; x_wconf 86' lang='lat' dir='ltr'>primum</span> <span class='ocrx_word' id='word_1_34' title='bbox 968 344 992 363; x_wconf 71' lang='lat' dir='ltr'>a·</span> <span class='ocrx_word' id='word_1_35' title='bbox 1019 336 1099 366; x_wconf 78' lang='grc'>1860</span> <span class='ocrx_word' id='word_1_36' title='bbox 1123 344 1138 364; x_wconf 84' lang='lat' dir='ltr'>a</span> <span class='ocrx_word' id='word_1_37' title='bbox 1163 335 1288 364; x_wconf 79' lang='lat' dir='ltr'>Gustavo</span> <span class='ocrx_word' id='word_1_38' title='bbox 1312 336 1446 375; x_wconf 69' lang='lat' dir='ltr'>Parthey,</span> 
     </span>
     <span class='ocr_line' id='line_1_6' title="bbox 320 380 1446 425; baseline 0.002 -12"><span class='ocrx_word' id='word_1_39' title='bbox 320 384 425 413; x_wconf 87' lang='lat' dir='ltr'>deinde</span> <span class='ocrx_word' id='word_1_40' title='bbox 449 393 502 422; x_wconf 86' lang='lat' dir='ltr'>ego</span> <span class='ocrx_word' id='word_1_41' title='bbox 531 384 639 413; x_wconf 83' lang='lat' dir='ltr'>librum</span> <span class='ocrx_word' id='word_1_42' title='bbox 669 380 746 410; x_wconf 80' lang='lat' dir='ltr'>donli</span> <span class='ocrx_word' id='word_1_43' title='bbox 771 380 856 413; x_wconf 82' lang='lat' dir='ltr'>habui</span> <span class='ocrx_word' id='word_1_44' title='bbox 888 390 916 414; x_wconf 87' lang='lat' dir='ltr'>et</span> <span class='ocrx_word' id='word_1_45' title='bbox 939 385 1108 423; x_wconf 81' lang='lat' dir='ltr'>recognovi.</span> <span class='ocrx_word' id='word_1_46' title='bbox 1157 386 1362 415; x_wconf 82' lang='lat' dir='ltr'>deficientibus</span> <span class='ocrx_word' id='word_1_47' title='bbox 1384 386 1446 425; x_wconf 92' lang='lat' dir='ltr'>pri-</span> 
     </span>
     <span class='ocr_line' id='line_1_7' title="bbox 318 434 1446 474; baseline 0.003 -11"><span class='ocrx_word' id='word_1_48' title='bbox 318 435 372 464; x_wconf 89' lang='lat' dir='ltr'>mis</span> <span class='ocrx_word' id='word_1_49' title='bbox 395 435 640 473; x_wconf 77' lang='lat' dir='ltr'>quaternionibus</span> <span class='ocrx_word' id='word_1_50' title='bbox 664 434 756 464; x_wconf 81' lang='lat' dir='ltr'>codex</span> <span class='ocrx_word' id='word_1_51' title='bbox 779 435 865 464; x_wconf 89' lang='lat' dir='ltr'>hodie</span> <span class='ocrx_word' id='word_1_52' title='bbox 897 436 1000 474; x_wconf 86' lang='lat' dir='ltr'>incipit</span> <span class='ocrx_word' id='word_1_53' title='bbox 1024 446 1051 474; x_wconf 88' lang='lat' dir='ltr'>p.</span> <span class='ocrx_word' id='word_1_54' title='bbox 1076 436 1132 471; x_wconf 73' lang='lat'>28,</span> <span class='ocrx_word' id='word_1_55' title='bbox 1158 438 1194 466; x_wconf 88' lang='lat'>15</span> <span class='ocrx_word' id='word_1_56' title='bbox 1219 445 1233 465; x_wconf 89' lang='lat' dir='ltr'>a</span> <span class='ocrx_word' id='word_1_57' title='bbox 1256 437 1352 466; x_wconf 83' lang='lat' dir='ltr'>verbis</span> <span class='ocrx_word' id='word_1_58' title='bbox 1379 436 1446 467; x_wconf 79' lang='lat' dir='ltr'>Calo</span> 
     </span>
     <span class='ocr_line' id='line_1_8' title="bbox 317 485 1446 526; baseline 0.002 -11"><span class='ocrx_word' id='word_1_59' title='bbox 317 488 462 525; x_wconf 75' lang='lat' dir='ltr'>princeps;</span> <span class='ocrx_word' id='word_1_60' title='bbox 498 490 650 524; x_wconf 82' lang='lat' dir='ltr'>praeterea</span> <span class='ocrx_word' id='word_1_61' title='bbox 675 485 775 515; x_wconf 84' lang='lat' dir='ltr'>solium</span> <span class='ocrx_word' id='word_1_62' title='bbox 805 486 1018 525; x_wconf 88' lang='lat' dir='ltr'>paenultimnm</span> <span class='ocrx_word' id='word_1_63' title='bbox 1049 486 1177 516; x_wconf 87' lang='lat' dir='ltr'>lacerum</span> <span class='ocrx_word' id='word_1_64' title='bbox 1202 492 1254 517; x_wconf 85' lang='lat' dir='ltr'>est.</span> <span class='ocrx_word' id='word_1_65' title='bbox 1292 487 1446 526; x_wconf 86' lang='lat' dir='ltr'>inscriptio</span> 
     </span>
     <span class='ocr_line' id='line_1_9' title="bbox 318 536 1090 576; baseline 0.001 -11"><span class='ocrx_word' id='word_1_66' title='bbox 318 537 420 575; x_wconf 79' lang='lat' dir='ltr'>periit3</span> <span class='ocrx_word' id='word_1_67' title='bbox 445 545 499 575; x_wconf 91' lang='lat' dir='ltr'>pro</span> <span class='ocrx_word' id='word_1_68' title='bbox 522 536 740 576; x_wconf 79' lang='lat' dir='ltr'>subscriptione</span> <span class='ocrx_word' id='word_1_69' title='bbox 763 541 806 566; x_wconf 87' lang='lat' dir='ltr'>est</span> <span class='ocrx_word' id='word_1_70' title='bbox 830 537 942 565; x_wconf 85' lang='lat' dir='ltr'>nudum</span> <span class='ocrx_word' id='word_1_71' title='bbox 965 537 1090 576; x_wconf 70' lang='lat' dir='ltr'>empli&#39;cit.</span> 
     </span>
    </p>
   </div>
   <div class='ocr_carea' id='block_1_3' title="bbox 491 867 1164 915">
    <p class='ocr_par' dir='ltr' id='par_1_3' title="bbox 491 867 1164 915">
     <span class='ocr_line' id='line_1_10' title="bbox 491 867 1164 915; baseline 0.001 -12"><span class='ocrx_word' id='word_1_72' title='bbox 491 867 590 903; x_wconf 88' lang='lat' dir='ltr'>Libri</span> <span class='ocrx_word' id='word_1_73' title='bbox 618 867 724 903; x_wconf 83' lang='lat' dir='ltr'>hodie</span> <span class='ocrx_word' id='word_1_74' title='bbox 752 867 904 903; x_wconf 84' lang='lat' dir='ltr'>latentes</span> <span class='ocrx_word' id='word_1_75' title='bbox 933 867 1164 915; x_wconf 86' lang='lat' dir='ltr'>deperditive.</span> 
     </span>
    </p>
   </div>
   <div class='ocr_carea' id='block_1_4' title="bbox 197 976 1453 1981">
    <p class='ocr_par' dir='ltr' id='par_1_4' title="bbox 197 976 1450 1109">
     <span class='ocr_line' id='line_1_11' title="bbox 197 976 1450 1015; baseline 0.002 -10"><span class='ocrx_word' id='word_1_76' title='bbox 197 976 392 1015; x_wconf 84' lang='lat' dir='ltr'>Mariangelus</span> <span class='ocrx_word' id='word_1_77' title='bbox 408 978 566 1007; x_wconf 86' lang='lat' dir='ltr'>Accursius</span> <span class='ocrx_word' id='word_1_78' title='bbox 583 977 611 1006; x_wconf 92' lang='lat' dir='ltr'>in</span> <span class='ocrx_word' id='word_1_79' title='bbox 637 976 769 1006; x_wconf 88' lang='lat' dir='ltr'>diatribis</span> <span class='ocrx_word' id='word_1_80' title='bbox 786 977 905 1012; x_wconf 82' lang='lat' dir='ltr'>(Romae</span> <span class='ocrx_word' id='word_1_81' title='bbox 926 979 1005 1008; x_wconf 82' lang='lat'>1524</span> <span class='ocrx_word' id='word_1_82' title='bbox 1022 978 1083 1014; x_wconf 86' lang='lat' dir='ltr'>sol.)</span> <span class='ocrx_word' id='word_1_83' title='bbox 1101 977 1233 1007; x_wconf 88' lang='lat' dir='ltr'>Solinum</span> <span class='ocrx_word' id='word_1_84' title='bbox 1258 978 1354 1007; x_wconf 86' lang='lat' dir='ltr'>multis</span> <span class='ocrx_word' id='word_1_85' title='bbox 1378 978 1450 1007; x_wconf 85' lang='lat' dir='ltr'>locis</span> 
     </span>
     <span class='ocr_line' id='line_1_12' title="bbox 323 1028 1449 1067; baseline 0.001 -10"><span class='ocrx_word' id='word_1_86' title='bbox 323 1029 472 1067; x_wconf 78' lang='lat' dir='ltr'>castigavit</span> <span class='ocrx_word' id='word_1_87' title='bbox 501 1038 572 1058; x_wconf 86' lang='lat' dir='ltr'>usus</span> <span class='ocrx_word' id='word_1_88' title='bbox 602 1032 718 1067; x_wconf 87' lang='lat' dir='ltr'>praeter</span> <span class='ocrx_word' id='word_1_89' title='bbox 748 1028 839 1057; x_wconf 90' lang='lat' dir='ltr'>libros</span> <span class='ocrx_word' id='word_1_90' title='bbox 863 1028 1016 1058; x_wconf 69' lang='lat' dir='ltr'>vaticanos</span> <span class='ocrx_word' id='word_1_91' title='bbox 1048 1033 1077 1057; x_wconf 88' lang='lat' dir='ltr'>et</span> <span class='ocrx_word' id='word_1_92' title='bbox 1108 1028 1254 1058; x_wconf 86' lang='lat' dir='ltr'>Palatinos</span> <span class='ocrx_word' id='word_1_93' title='bbox 1285 1029 1369 1058; x_wconf 80' lang='lat' dir='ltr'>etiam</span> <span class='ocrx_word' id='word_1_94' title='bbox 1399 1038 1449 1058; x_wconf 89' lang='lat' dir='ltr'>co-</span> 
     </span>
     <span class='ocr_line' id='line_1_13' title="bbox 324 1080 474 1109; baseline 0 -1"><span class='ocrx_word' id='word_1_95' title='bbox 324 1080 387 1108; x_wconf 86' lang='lat' dir='ltr'>dice</span> <span class='ocrx_word' id='word_1_96' title='bbox 410 1089 474 1109; x_wconf 83' lang='lat' dir='ltr'>suo.</span> 
     </span>
    </p>

    <p class='ocr_par' dir='ltr' id='par_1_5' title="bbox 198 1129 1451 1220">
     <span class='ocr_line' id='line_1_14' title="bbox 198 1129 1451 1169; baseline -0.001 -10"><span class='ocrx_word' id='word_1_97' title='bbox 198 1130 450 1169; x_wconf 84' lang='lat' dir='ltr'>Burdigalensium</span> <span class='ocrx_word' id='word_1_98' title='bbox 466 1129 727 1160; x_wconf 86' lang='lat' dir='ltr'>Dominicanorum</span> <span class='ocrx_word' id='word_1_99' title='bbox 751 1130 841 1159; x_wconf 84' lang='lat' dir='ltr'>codex</span> <span class='ocrx_word' id='word_1_100' title='bbox 868 1130 899 1165; x_wconf 82' lang='lat' dir='ltr'>is,</span> <span class='ocrx_word' id='word_1_101' title='bbox 924 1139 958 1159; x_wconf 64' lang='lat' dir='ltr'>ex</span> <span class='ocrx_word' id='word_1_102' title='bbox 982 1140 1040 1168; x_wconf 87' lang='lat' dir='ltr'>quo</span> <span class='ocrx_word' id='word_1_103' title='bbox 1058 1129 1135 1159; x_wconf 90' lang='lat' dir='ltr'>Elias</span> <span class='ocrx_word' id='word_1_104' title='bbox 1155 1129 1276 1159; x_wconf 83' lang='lat' dir='ltr'>Vinetus</span> <span class='ocrx_word' id='word_1_105' title='bbox 1300 1135 1328 1159; x_wconf 79' lang='lat' dir='ltr'>et</span> <span class='ocrx_word' id='word_1_106' title='bbox 1343 1129 1451 1159; x_wconf 81' lang='lat' dir='ltr'>Eutro-</span> 
     </span>
     <span class='ocr_line' id='line_1_15' title="bbox 324 1180 1451 1220; baseline -0.001 -10"><span class='ocrx_word' id='word_1_107' title='bbox 324 1182 405 1220; x_wconf 87' lang='lat' dir='ltr'>pium</span> <span class='ocrx_word' id='word_1_108' title='bbox 432 1186 461 1210; x_wconf 84' lang='lat' dir='ltr'>et</span> <span class='ocrx_word' id='word_1_109' title='bbox 483 1181 602 1210; x_wconf 89' lang='lat' dir='ltr'>Florum</span> <span class='ocrx_word' id='word_1_110' title='bbox 634 1186 662 1210; x_wconf 88' lang='lat' dir='ltr'>et</span> <span class='ocrx_word' id='word_1_111' title='bbox 691 1180 825 1209; x_wconf 88' lang='lat' dir='ltr'>Solinum</span> <span class='ocrx_word' id='word_1_112' title='bbox 859 1181 989 1215; x_wconf 79' lang='lat' dir='ltr'>(l’ictavii</span> <span class='ocrx_word' id='word_1_113' title='bbox 1019 1182 1109 1210; x_wconf 77' lang='lat'>1554.</span> <span class='ocrx_word' id='word_1_114' title='bbox 1137 1180 1168 1217; x_wconf 81' lang='lat'>8)</span> <span class='ocrx_word' id='word_1_115' title='bbox 1201 1180 1306 1215; x_wconf 78' lang='lat' dir='ltr'>edidit,</span> <span class='ocrx_word' id='word_1_116' title='bbox 1339 1180 1451 1210; x_wconf 86' lang='lat' dir='ltr'>habens</span> 
     </span>
    </p>

    <p class='ocr_par' dir='ltr' id='par_1_6' title="bbox 276 1230 1451 1372">
     <span class='ocr_line' id='line_1_16' title="bbox 276 1230 1451 1271; baseline -0.001 -10"><span class='ocrx_word' id='word_1_117' title='bbox 276 1268 278 1271; x_wconf 21' lang='lat' dir='ltr'>v</span> <span class='ocrx_word' id='word_1_118' title='bbox 325 1232 354 1261; x_wconf 89' lang='lat' dir='ltr'>in</span> <span class='ocrx_word' id='word_1_119' title='bbox 380 1232 435 1261; x_wconf 91' lang='lat' dir='ltr'>hoc</span> <span class='ocrx_word' id='word_1_120' title='bbox 458 1232 707 1269; x_wconf 74' lang='lat' dir='ltr'>subscriptionem</span> <span class='ocrx_word' id='word_1_121' title='bbox 728 1232 977 1261; x_wconf 85' lang='lat' dir='ltr'>Theodosianam:</span> <span class='ocrx_word' id='word_1_122' title='bbox 1001 1230 1093 1261; x_wconf 74' lang='lat' dir='ltr'>Iulius</span> <span class='ocrx_word' id='word_1_123' title='bbox 1109 1230 1226 1260; x_wconf 73' lang='lat' dir='ltr'>Solinus</span> <span class='ocrx_word' id='word_1_124' title='bbox 1248 1231 1364 1270; x_wconf 72' lang='lat' dir='ltr'>eccplz&#39;cic</span> <span class='ocrx_word' id='word_1_125' title='bbox 1385 1231 1451 1268; x_wconf 82' lang='lat' dir='ltr'>feli·</span> 
     </span>
     <span class='ocr_line' id='line_1_17' title="bbox 323 1282 1450 1321; baseline -0.001 -9"><span class='ocrx_word' id='word_1_126' title='bbox 323 1285 393 1313; x_wconf 81' lang='lat' dir='ltr'>citer</span> <span class='ocrx_word' id='word_1_127' title='bbox 407 1288 440 1312; x_wconf 84' lang='lat' dir='ltr'>st.</span> <span class='ocrx_word' id='word_1_128' title='bbox 457 1287 482 1311; x_wconf 85' lang='lat' dir='ltr'>et</span> <span class='ocrx_word' id='word_1_129' title='bbox 500 1282 548 1311; x_wconf 82' lang='lat' dir='ltr'>dil.</span> <span class='ocrx_word' id='word_1_130' title='bbox 566 1283 676 1312; x_wconf 74' lang='lat' dir='ltr'>(lomim⁴</span> <span class='ocrx_word' id='word_1_131' title='bbox 694 1282 715 1311; x_wconf 92' lang='lat' dir='ltr'><em>T</em></span> <span class='ocrx_word' id='word_1_132' title='bbox 716 1282 742 1313; x_wconf 80' lang='lat' dir='ltr'>h.</span> <span class='ocrx_word' id='word_1_133' title='bbox 760 1285 818 1312; x_wconf 77' lang='lat' dir='ltr'>inv.</span> <span class='ocrx_word' id='word_1_134' title='bbox 834 1292 889 1321; x_wconf 63' lang='lat' dir='ltr'>pr„</span> <span class='ocrx_word' id='word_1_135' title='bbox 906 1282 1020 1311; x_wconf 82' lang='lat' dir='ltr'>videtur</span> <span class='ocrx_word' id='word_1_136' title='bbox 1036 1282 1183 1311; x_wconf 85' lang='lat' dir='ltr'>interiisse</span> <span class='ocrx_word' id='word_1_137' title='bbox 1200 1283 1249 1319; x_wconf 84' lang='lat' dir='ltr'>(cf.</span> <span class='ocrx_word' id='word_1_138' title='bbox 1267 1282 1301 1311; x_wconf 88' lang='lat' dir='ltr'>H.</span> <span class='ocrx_word' id='word_1_139' title='bbox 1319 1282 1450 1321; x_wconf 73' lang='lat' dir='ltr'>Droysen</span> 
     </span>
     <span class='ocr_line' id='line_1_18' title="bbox 323 1332 864 1372; baseline -0.002 -10"><span class='ocrx_word' id='word_1_140' title='bbox 323 1333 351 1362; x_wconf 91' lang='lat' dir='ltr'>in</span> <span class='ocrx_word' id='word_1_141' title='bbox 376 1334 466 1372; x_wconf 79' lang='lat' dir='ltr'>praef.</span> <span class='ocrx_word' id='word_1_142' title='bbox 489 1334 523 1362; x_wconf 81' lang='lat' dir='ltr'>ad</span> <span class='ocrx_word' id='word_1_143' title='bbox 548 1333 723 1371; x_wconf 75' lang='lat' dir='ltr'>Eutropium</span> <span class='ocrx_word' id='word_1_144' title='bbox 747 1342 775 1371; x_wconf 90' lang='lat' dir='ltr'>p.</span> <span class='ocrx_word' id='word_1_145' title='bbox 792 1332 864 1370; x_wconf 87' lang='lat' dir='ltr'>XX).</span> 
     </span>
    </p>

    <p class='ocr_par' dir='ltr' id='par_1_7' title="bbox 197 1383 1453 1575">
     <span class='ocr_line' id='line_1_19' title="bbox 197 1383 1451 1423; baseline -0.002 -9"><span class='ocrx_word' id='word_1_146' title='bbox 197 1384 414 1423; x_wconf 82' lang='lat' dir='ltr'>Burdigalensis</span> <span class='ocrx_word' id='word_1_147' title='bbox 437 1384 518 1419; x_wconf 77' lang='lat' dir='ltr'>alter,</span> <span class='ocrx_word' id='word_1_148' title='bbox 543 1393 630 1422; x_wconf 83' lang='lat' dir='ltr'>quem</span> <span class='ocrx_word' id='word_1_149' title='bbox 655 1393 687 1413; x_wconf 84' lang='lat' dir='ltr'>ex</span> <span class='ocrx_word' id='word_1_150' title='bbox 713 1384 813 1413; x_wconf 81' lang='lat' dir='ltr'>eadem</span> <span class='ocrx_word' id='word_1_151' title='bbox 832 1384 1009 1413; x_wconf 82' lang='lat' dir='ltr'>bibliotheca</span> <span class='ocrx_word' id='word_1_152' title='bbox 1033 1383 1108 1413; x_wconf 88' lang='lat' dir='ltr'>idem</span> <span class='ocrx_word' id='word_1_153' title='bbox 1126 1383 1248 1413; x_wconf 81' lang='lat' dir='ltr'>Vinetus</span> <span class='ocrx_word' id='word_1_154' title='bbox 1270 1383 1380 1419; x_wconf 82' lang='lat' dir='ltr'>habuit⁷</span> <span class='ocrx_word' id='word_1_155' title='bbox 1405 1392 1451 1412; x_wconf 90' lang='lat' dir='ltr'>re-</span> 
     </span>
     <span class='ocr_line' id='line_1_20' title="bbox 325 1434 1451 1474; baseline -0.001 -10"><span class='ocrx_word' id='word_1_156' title='bbox 325 1435 439 1464; x_wconf 89' lang='lat' dir='ltr'>centior</span> <span class='ocrx_word' id='word_1_157' title='bbox 468 1434 517 1463; x_wconf 88' lang='lat' dir='ltr'>illo</span> <span class='ocrx_word' id='word_1_158' title='bbox 548 1434 709 1473; x_wconf 88' lang='lat' dir='ltr'>inscriptus</span> <span class='ocrx_word' id='word_1_159' title='bbox 738 1435 807 1464; x_wconf 82' lang='lat' dir='ltr'>fuit:</span> <span class='ocrx_word' id='word_1_160' title='bbox 838 1434 861 1464; x_wconf 89' lang='lat' dir='ltr'>J.</span> <span class='ocrx_word' id='word_1_161' title='bbox 886 1434 915 1463; x_wconf 87' lang='lat' dir='ltr'>S.</span> <span class='ocrx_word' id='word_1_162' title='bbox 939 1437 1121 1472; x_wconf 67' lang='lat' dir='ltr'>grammatici</span> <span class='ocrx_word' id='word_1_163' title='bbox 1147 1435 1305 1474; x_wconf 77' lang='lat' dir='ltr'>polyhistor</span> <span class='ocrx_word' id='word_1_164' title='bbox 1332 1434 1367 1463; x_wconf 82' lang='lat' dir='ltr'>ab</span> <span class='ocrx_word' id='word_1_165' title='bbox 1390 1436 1451 1473; x_wconf 77' lang='lat' dir='ltr'>ipso</span> 
     </span>
     <span class='ocr_line' id='line_1_21' title="bbox 327 1485 1453 1525; baseline 0 -10"><span class='ocrx_word' id='word_1_166' title='bbox 327 1486 419 1516; x_wconf 74' lang='lat' dir='ltr'>editus</span> <span class='ocrx_word' id='word_1_167' title='bbox 448 1491 473 1515; x_wconf 84' lang='lat' dir='ltr'>et</span> <span class='ocrx_word' id='word_1_168' title='bbox 495 1487 655 1524; x_wconf 65' lang='lat' dir='ltr'>recognitus</span> <span class='ocrx_word' id='word_1_169' title='bbox 682 1486 714 1516; x_wconf 83' lang='lat' dir='ltr'>de</span> <span class='ocrx_word' id='word_1_170' title='bbox 737 1488 794 1515; x_wconf 74' lang='lat' dir='ltr'>situ</span> <span class='ocrx_word' id='word_1_171' title='bbox 818 1496 842 1516; x_wconf 86' lang='lat' dir='ltr'>o.</span> <span class='ocrx_word' id='word_1_172' title='bbox 866 1491 886 1515; x_wconf 84' lang='lat' dir='ltr'>t.</span> <span class='ocrx_word' id='word_1_173' title='bbox 911 1490 936 1514; x_wconf 78' lang='lat' dir='ltr'>et</span> <span class='ocrx_word' id='word_1_174' title='bbox 960 1486 992 1514; x_wconf 78' lang='lat' dir='ltr'>(Ie</span> <span class='ocrx_word' id='word_1_175' title='bbox 1013 1487 1087 1524; x_wconf 60' lang='grc' dir='ltr'>εἴης).</span> <span class='ocrx_word' id='word_1_176' title='bbox 1110 1488 1177 1515; x_wconf 76' lang='lat' dir='ltr'>mir.</span> <span class='ocrx_word' id='word_1_177' title='bbox 1200 1494 1270 1525; x_wconf 79' lang='lat' dir='ltr'>quae</span> <span class='ocrx_word' id='word_1_178' title='bbox 1292 1487 1324 1515; x_wconf 69' lang='lat' dir='ltr'>in</span> <span class='ocrx_word' id='word_1_179' title='bbox 1346 1485 1453 1515; x_wconf 80' lang='lat' dir='ltr'>mundo</span> 
     </span>
     <span class='ocr_line' id='line_1_22' title="bbox 325 1536 1012 1575; baseline -0.001 -9"><span class='ocrx_word' id='word_1_180' title='bbox 325 1537 472 1567; x_wconf 81' lang='lat' dir='ltr'>habentur.</span> <span class='ocrx_word' id='word_1_181' title='bbox 510 1536 602 1565; x_wconf 81' lang='lat' dir='ltr'>adfuit</span> <span class='ocrx_word' id='word_1_182' title='bbox 624 1537 654 1565; x_wconf 92' lang='lat' dir='ltr'>in</span> <span class='ocrx_word' id='word_1_183' title='bbox 680 1546 713 1565; x_wconf 80' lang='lat' dir='ltr'>eo</span> <span class='ocrx_word' id='word_1_184' title='bbox 737 1537 879 1575; x_wconf 84' lang='lat' dir='ltr'>praefatio</span> <span class='ocrx_word' id='word_1_185' title='bbox 903 1536 1012 1575; x_wconf 83' lang='lat' dir='ltr'>spuria.</span> 
     </span>
    </p>

    <p class='ocr_par' dir='ltr' id='par_1_8' title="bbox 205 1586 1453 1719">
     <span class='ocr_line' id='line_1_23' title="bbox 205 1586 1453 1626; baseline -0.002 -8"><span class='ocrx_word' id='word_1_186' title='bbox 205 1587 392 1618; x_wconf 76' lang='lat' dir='ltr'>Corbeiensis</span> <span class='ocrx_word' id='word_1_187' title='bbox 412 1587 606 1617; x_wconf 82' lang='lat' dir='ltr'>bibliothecae</span> <span class='ocrx_word' id='word_1_188' title='bbox 627 1587 776 1626; x_wconf 83' lang='lat' dir='ltr'>catalogus</span> <span class='ocrx_word' id='word_1_189' title='bbox 792 1597 866 1617; x_wconf 84' lang='lat' dir='ltr'>saec.</span> <span class='ocrx_word' id='word_1_190' title='bbox 883 1587 934 1616; x_wconf 79' lang='lat' dir='ltr'>XII</span> <span class='ocrx_word' id='word_1_191' title='bbox 952 1586 1077 1624; x_wconf 84' lang='lat' dir='ltr'>(Becker</span> <span class='ocrx_word' id='word_1_192' title='bbox 1100 1587 1223 1625; x_wconf 83' lang='lat' dir='ltr'>catalogi</span> <span class='ocrx_word' id='word_1_193' title='bbox 1245 1587 1316 1617; x_wconf 89' lang='lat' dir='ltr'>bibl.</span> <span class='ocrx_word' id='word_1_194' title='bbox 1340 1587 1453 1625; x_wconf 84' lang='lat' dir='ltr'>antiqui</span> 
     </span>
     <span class='ocr_line' id='line_1_24' title="bbox 325 1638 1452 1677; baseline 0 -10"><span class='ocrx_word' id='word_1_195' title='bbox 325 1648 353 1677; x_wconf 88' lang='lat' dir='ltr'>p.</span> <span class='ocrx_word' id='word_1_196' title='bbox 367 1639 428 1670; x_wconf 84' lang='lat'>285</span> <span class='ocrx_word' id='word_1_197' title='bbox 444 1648 472 1667; x_wconf 88' lang='lat' dir='ltr'>n.</span> <span class='ocrx_word' id='word_1_198' title='bbox 487 1639 575 1674; x_wconf 87' lang='lat'>321):</span> <span class='ocrx_word' id='word_1_199' title='bbox 593 1638 748 1677; x_wconf 70' lang='lat' dir='ltr'>‘Virgilius</span> <span class='ocrx_word' id='word_1_200' title='bbox 778 1638 891 1668; x_wconf 84' lang='lat' dir='ltr'>Flavius</span> <span class='ocrx_word' id='word_1_201' title='bbox 907 1638 942 1667; x_wconf 92' lang='lat' dir='ltr'>de</span> <span class='ocrx_word' id='word_1_202' title='bbox 958 1647 990 1667; x_wconf 88' lang='lat' dir='ltr'>re</span> <span class='ocrx_word' id='word_1_203' title='bbox 1004 1638 1130 1667; x_wconf 88' lang='lat' dir='ltr'>militari.</span> <span class='ocrx_word' id='word_1_204' title='bbox 1162 1638 1308 1669; x_wconf 88' lang='lat' dir='ltr'>Lucanus.</span> <span class='ocrx_word' id='word_1_205' title='bbox 1334 1638 1452 1667; x_wconf 85' lang='lat' dir='ltr'>Solinus</span> 
     </span>
     <span class='ocr_line' id='line_1_25' title="bbox 324 1689 732 1719; baseline 0 -1"><span class='ocrx_word' id='word_1_206' title='bbox 324 1689 359 1718; x_wconf 89' lang='lat' dir='ltr'>de</span> <span class='ocrx_word' id='word_1_207' title='bbox 383 1690 440 1719; x_wconf 89' lang='lat' dir='ltr'>situ</span> <span class='ocrx_word' id='word_1_208' title='bbox 465 1689 544 1718; x_wconf 87' lang='lat' dir='ltr'>orbis</span> <span class='ocrx_word' id='word_1_209' title='bbox 566 1689 732 1718; x_wconf 86' lang='lat' dir='ltr'>terrarum&#39;.</span> 
     </span>
    </p>

    <p class='ocr_par' dir='ltr' id='par_1_9' title="bbox 199 1739 1453 1871">
     <span class='ocr_line' id='line_1_26' title="bbox 199 1739 1450 1777; baseline -0.002 -8"><span class='ocrx_word' id='word_1_210' title='bbox 199 1740 459 1769; x_wconf 86' lang='lat' dir='ltr'>Laureshamensis</span> <span class='ocrx_word' id='word_1_211' title='bbox 482 1740 512 1769; x_wconf 89' lang='lat' dir='ltr'>S.</span> <span class='ocrx_word' id='word_1_212' title='bbox 536 1740 646 1769; x_wconf 79' lang='lat' dir='ltr'>Nazarii</span> <span class='ocrx_word' id='word_1_213' title='bbox 676 1739 870 1769; x_wconf 75' lang='lat' dir='ltr'>bibliothecae</span> <span class='ocrx_word' id='word_1_214' title='bbox 901 1739 1048 1777; x_wconf 83' lang='lat' dir='ltr'>catalogus</span> <span class='ocrx_word' id='word_1_215' title='bbox 1079 1748 1153 1768; x_wconf 89' lang='lat' dir='ltr'>saec.</span> <span class='ocrx_word' id='word_1_216' title='bbox 1184 1739 1208 1768; x_wconf 89' lang='lat' dir='ltr'>X</span> <span class='ocrx_word' id='word_1_217' title='bbox 1230 1739 1358 1776; x_wconf 82' lang='lat' dir='ltr'>(Becker</span> <span class='ocrx_word' id='word_1_218' title='bbox 1381 1739 1401 1767; x_wconf 96' lang='lat' dir='ltr'>l.</span> <span class='ocrx_word' id='word_1_219' title='bbox 1426 1747 1450 1767; x_wconf 88' lang='lat' dir='ltr'>c.</span> 
     </span>
     <span class='ocr_line' id='line_1_27' title="bbox 325 1789 1453 1829; baseline -0.002 -8"><span class='ocrx_word' id='word_1_220' title='bbox 325 1800 353 1829; x_wconf 90' lang='lat' dir='ltr'>p.</span> <span class='ocrx_word' id='word_1_221' title='bbox 372 1791 411 1821; x_wconf 80' lang='lat'>84</span> <span class='ocrx_word' id='word_1_222' title='bbox 436 1800 464 1819; x_wconf 87' lang='lat' dir='ltr'>n.</span> <span class='ocrx_word' id='word_1_223' title='bbox 488 1791 527 1820; x_wconf 82' lang='lat'>95</span> <span class='ocrx_word' id='word_1_224' title='bbox 552 1795 580 1819; x_wconf 87' lang='lat' dir='ltr'>et</span> <span class='ocrx_word' id='word_1_225' title='bbox 602 1800 630 1828; x_wconf 89' lang='lat' dir='ltr'>p.</span> <span class='ocrx_word' id='word_1_226' title='bbox 658 1792 716 1820; x_wconf 89' lang='grc'>120</span> <span class='ocrx_word' id='word_1_227' title='bbox 741 1800 768 1819; x_wconf 88' lang='lat' dir='ltr'>n.</span> <span class='ocrx_word' id='word_1_228' title='bbox 793 1791 860 1828; x_wconf 81' lang='lat'><strong>20):</strong></span> <span class='ocrx_word' id='word_1_229' title='bbox 893 1790 995 1819; x_wconf 80' lang='lat' dir='ltr'>‘Solini</span> <span class='ocrx_word' id='word_1_230' title='bbox 1026 1790 1189 1828; x_wconf 75' lang='lat' dir='ltr'>polyhistor</span> <span class='ocrx_word' id='word_1_231' title='bbox 1220 1790 1255 1819; x_wconf 87' lang='lat' dir='ltr'>de</span> <span class='ocrx_word' id='word_1_232' title='bbox 1285 1790 1341 1819; x_wconf 88' lang='lat' dir='ltr'>situ</span> <span class='ocrx_word' id='word_1_233' title='bbox 1373 1789 1453 1818; x_wconf 83' lang='lat' dir='ltr'>orbis</span> 
     </span>
     <span class='ocr_line' id='line_1_28' title="bbox 325 1840 1016 1871; baseline -0.001 -1"><span class='ocrx_word' id='word_1_234' title='bbox 325 1846 471 1871; x_wconf 87' lang='lat' dir='ltr'>terrarum</span> <span class='ocrx_word' id='word_1_235' title='bbox 499 1846 528 1870; x_wconf 86' lang='lat' dir='ltr'>et</span> <span class='ocrx_word' id='word_1_236' title='bbox 551 1841 734 1871; x_wconf 87' lang='lat' dir='ltr'>mirabilibus</span> <span class='ocrx_word' id='word_1_237' title='bbox 757 1842 785 1870; x_wconf 91' lang='lat' dir='ltr'>in</span> <span class='ocrx_word' id='word_1_238' title='bbox 811 1850 870 1870; x_wconf 91' lang='lat' dir='ltr'>uno</span> <span class='ocrx_word' id='word_1_239' title='bbox 896 1840 1016 1869; x_wconf 86' lang='lat' dir='ltr'>codice’.</span> 
     </span>
    </p>

    <p class='ocr_par' dir='ltr' id='par_1_10' title="bbox 198 1890 1452 1981">
     <span class='ocr_line' id='line_1_29' title="bbox 198 1890 1452 1931; baseline -0.003 -9"><span class='ocrx_word' id='word_1_240' title='bbox 198 1892 355 1922; x_wconf 83' lang='lat' dir='ltr'>Vaticanus</span> <span class='ocrx_word' id='word_1_241' title='bbox 379 1892 597 1922; x_wconf 83' lang='lat' dir='ltr'>Ottobonianus</span> <span class='ocrx_word' id='word_1_242' title='bbox 621 1902 649 1921; x_wconf 93' lang='lat' dir='ltr'>n.</span> <span class='ocrx_word' id='word_1_243' title='bbox 675 1893 757 1922; x_wconf 80' lang='lat'>2540</span> <span class='ocrx_word' id='word_1_244' title='bbox 781 1892 943 1921; x_wconf 83' lang='lat' dir='ltr'>secundum</span> <span class='ocrx_word' id='word_1_245' title='bbox 966 1892 1109 1931; x_wconf 88' lang='lat' dir='ltr'>scriptum</span> <span class='ocrx_word' id='word_1_246' title='bbox 1134 1892 1295 1930; x_wconf 82' lang='lat' dir='ltr'>catalogum</span> <span class='ocrx_word' id='word_1_247' title='bbox 1320 1890 1452 1920; x_wconf 86' lang='lat' dir='ltr'>Solinum</span> 
     </span>
     <span class='ocr_line' id='line_1_30' title="bbox 326 1943 917 1981; baseline -0.003 -8"><span class='ocrx_word' id='word_1_248' title='bbox 326 1944 485 1973; x_wconf 89' lang='lat' dir='ltr'>continens</span> <span class='ocrx_word' id='word_1_249' title='bbox 508 1943 562 1972; x_wconf 86' lang='lat' dir='ltr'>iam</span> <span class='ocrx_word' id='word_1_250' title='bbox 587 1943 700 1981; x_wconf 81' lang='lat' dir='ltr'>pridem</span> <span class='ocrx_word' id='word_1_251' title='bbox 725 1943 917 1973; x_wconf 84' lang='lat' dir='ltr'>desideratur.</span> 
     </span>
    </p>
   </div>
  </div>
 </body>
</html>
