1593 2409
658 94 721 122 XLI

190 193 313 234 graphia
336 189 432 220 Ethici
457 190 497 227 (p.
521 188 559 218 71
585 184 691 219 Riese).
722 200 762 204 —
792 179 909 210 Contuli
939 178 1047 208 librum
1072 176 1182 205 Romae
1205 183 1241 204 eo
1264 181 1329 202 mea

193 254 278 276 causa
302 243 434 273 missum.

150 301 428 337 MONTPELLIER

67 361 107 391 66
132 368 162 388 n.
190 358 246 388 121
273 363 350 385 saec.
373 352 436 381 XII.
464 348 618 387 inscriptio
644 345 738 380 nulla;
768 341 963 380 subscriptio:
994 339 1017 369 I.
1042 338 1073 367 S.
1098 336 1173 376 expl.
1196 340 1230 365 st.
1255 339 1279 364 et
1303 334 1330 362 d.

197 408 295 438 domni
320 404 368 434 Th.
393 405 452 433 inv.
472 410 520 440 pr.

68 463 107 493 67
134 471 163 490 n.
190 461 247 491 131
274 466 349 487 saec.
372 453 426 483 XII
450 450 594 482 exeuntis.
641 445 796 484 inscriptio
820 443 916 479 nulla;
947 439 1126 478 subscriptio
1150 438 1173 467 I.
1198 437 1229 467 S.
1254 435 1332 475 ampl.

197 515 230 540 st.
254 513 279 538 ct
303 508 329 537 d.
358 505 407 535 Th.
437 506 497 533 inv.
518 511 563 541 pr.
589 498 756 536 descriptus
779 495 903 525 omnino
934 503 968 522 cx
999 502 1033 522 eo
1058 491 1109 529 qui
1134 487 1285 528 praecedit
1309 491 1337 515 et

198 564 355 600 propterca
379 556 515 585 omissus.

73 615 114 645 68
140 623 169 642 n.
197 613 255 643 132
285 618 362 640 saec.
391 606 454 636 XII.
482 603 651 642 inscriptio:
690 599 760 629 Iulii
789 597 886 627 Solz'ni
913 595 1034 625 collectio
1064 601 1164 622 rerum
1193 598 1336 619 memora-

203 662 314 692 bilium.
339 658 437 689 deficit
460 667 490 696 p.
516 656 585 690 107,
610 655 628 684 6
653 653 682 682 in
707 650 805 680 verbis
830 657 933 679 rursus
957 649 989 675 in
1012 655 1040 675 se
1061 643 1177 674 residat.

160 720 333 752 MONACHI

75 776 115 807 69
140 772 327 804 Monacensis
350 780 380 799 n.
404 770 463 800 327
490 776 565 797 saec.
589 765 648 795 XV.
689 761 843 800 inscriptio
868 764 936 788 ante
958 756 1171 798 praefationem
1197 752 1343 791 spuriam:

207 825 237 855 C.
261 824 285 854 I.
310 822 339 852 S.
363 823 422 851 sive
446 819 632 858 grammatici
650 814 821 854 polyhystor
844 811 878 841 ab
902 813 962 850 ipso
986 809 1077 838 editus
1103 811 1127 836 et
1150 814 1206 835 rec.
1231 804 1263 833 (le
1284 805 1343 833 situ

206 885 231 906 0.
256 881 403 905 terrarum
433 877 457 901 et
487 871 561 908 sing.
591 870 658 897 mir.
683 877 708 905 q.
734 867 765 895 in
788 873 825 892 m.
852 862 993 892 habentur
1023 859 1093 889 liber
1117 858 1246 897 primus,
1278 858 1346 884 ante

209 926 386 966 genuinam:
414 922 445 952 C.
463 922 485 951 I.
503 921 532 950 S.
558 921 589 949 <le
612 920 669 948 situ
686 927 712 947 o.
729 921 749 946 t.
767 922 791 945 ec
812 916 842 944 cle
860 924 881 943 s.
899 915 965 942 mt'r.
982 922 1007 951 q.
1024 913 1055 940 in
1078 909 1185 939 mundo
1209 906 1350 937 habentur

209 978 279 1007 liber
303 977 412 1015 incipit.
458 972 540 1002 adest
563 969 704 1010 praefatio
729 966 838 1006 spuria.

83 1042 122 1071 70
147 1037 336 1069 Monacensis
368 1046 397 1065 n.
421 1035 502 1065 4611
535 1031 594 1061 sive
626 1024 929 1058 Benedictoburensis
965 1033 992 1051 n.
1020 1023 1077 1052 111
1109 1029 1185 1049 saec.
1208 1017 1271 1047 XII.
1302 1017 1349 1046 in-

213 1089 336 1127 scriptio
368 1092 397 1116 et
427 1082 624 1121 subscriptio:
655 1080 727 1109 liber
752 1078 807 1107 Gai
828 1076 851 1106 I.
875 1075 906 1105 S.
930 1074 1114 1113 grammatici
1139 1069 1293 1110 polihistor
1315 1067 1350 1097 ab

216 1143 275 1180 ipso
293 1139 334 1169 ed.
351 1143 375 1168 et
399 1147 453 1167 rec.
479 1136 510 1165 tle
533 1136 590 1163 situ
615 1142 640 1162 o.
657 1136 677 1161 t.
695 1136 719 1160 et
744 1130 775 1159 dc
797 1130 869 1166 (om.
894 1125 1020 1158 subscr.)
1045 1134 1065 1153 s.
1089 1124 1155 1152 mir.
1173 1130 1243 1160 quae
1267 1122 1296 1149 iu
1312 1129 1350 1148 m.

213 1191 363 1221 habentur.
410 1188 492 1217 adest
515 1184 658 1224 praefatio
683 1181 794 1221 spuria.

86 1255 122 1284 71
149 1250 337 1282 Monacensis
354 1259 383 1278 n.
400 1248 482 1280 5339
500 1246 559 1276 sive
580 1242 725 1283 episcopii
737 1241 890 1271 Cbiemsce
906 1248 934 1267 n.
953 1238 992 1268 39
1010 1244 1085 1265 saec.
1098 1233 1158 1263 XV.
1182 1231 1353 1270 inscriptio:

217 1303 317 1341 incipit
340 1300 458 1331 Solinus
481 1299 512 1328 (le
534 1299 592 1327 sicu
619 1305 644 1325 o.
665 1300 684 1324 t.
709 1299 734 1322 et
757 1290 948 1322 mirabilibus.
973 1287 1054 1316 adest
1077 1284 1220 1324 praefatio
1244 1282 1354 1322 spuria.

93 1365 133 1395 72
157 1362 346 1393 Monacensis
364 1370 392 1390 n.
410 1360 493 1391 6384
516 1358 576 1388 sive
594 1353 792 1392 Frisingensis
812 1352 872 1382 184
889 1358 965 1380 saec.
991 1347 1024 1376 X.
1050 1344 1204 1384 inscriptio
1228 1353 1243 1373 a
1267 1351 1357 1372 manu

222 1414 316 1453 prima
348 1412 427 1442 nulla
458 1411 576 1449 (manus
606 1405 736 1444 aequalis
767 1402 922 1441 adscripsit
952 1400 980 1429 in
1011 1397 1159 1435 margine:
1193 1395 1289 1425 Soli'm'
1311 1394 1358 1423 de-

221 1466 338 1503 scriptio
355 1463 514 1493 multarum
529 1460 750 1500 provinciarum
773 1460 798 1485 et
821 1454 939 1483 abbiam
964 1451 1023 1489 [sic]
1047 1454 1071 1479 et
1095 1448 1224 1488 lapidum
1244 1447 1358 1485 precio-

222 1514 349 1554 sorum);
373 1512 573 1551 subscriptum
591 1520 605 1540 a
622 1518 711 1539 manu
734 1507 827 1545 prima
848 1504 992 1544 primurn:
1017 1500 1135 1530 Solinus
1149 1499 1225 1538 finit,
1244 1496 1361 1531 deinde,

227 1567 277 1596 sed
294 1575 309 1594 a
333 1573 421 1594 manu
446 1562 560 1592 eadem:
592 1560 707 1600 emplicit
729 1559 779 1596 sly.
804 1558 828 1593 (c
852 1552 1063 1593 superscripsit
1085 1561 1123 1579 m.
1152 1552 1177 1583 1,
1201 1549 1293 1578 voluit
1315 1548 1362 1586 flc.

225 1617 412 1656 =feliciter)
436 1614 496 1644 Iuli
518 1613 600 1652 (Iulii
618 1621 674 1641 ern.
692 1619 730 1638 m.
751 1610 780 1645 1)
807 1606 902 1636 Solinz‘
923 1604 1106 1643 yrawevtlatv'cz‘
1125 1601 1273 1640 polyystor
1294 1599 1364 1635 (hoc

226 1679 289 1699 voc.
307 1666 416 1697 addidit
429 1674 534 1694 manus
550 1664 650 1698 altera,
668 1661 717 1691 sed
735 1658 886 1697 aequalis).
913 1656 947 1686 ad
964 1655 1196 1685 additamentum
1213 1661 1242 1690 p.
1256 1652 1328 1685 219,
1347 1650 1365 1680 3

228 1720 316 1750 huius
340 1718 407 1748 libri
432 1717 540 1746 variam
564 1714 723 1744 lectionem
747 1709 893 1740 adnotavi.

103 1784 142 1814 73
166 1779 351 1811 Monacensis
368 1788 398 1808 n.
417 1777 520 1808 14632
543 1776 602 1805 sive
624 1770 850 1811 Ratisponensis
874 1769 903 1798 S.
923 1764 1100 1797 Emmerami
1117 1763 1140 1793 G
1160 1765 1197 1794 16
1222 1770 1297 1792 saec.
1313 1759 1366 1788 XII

232 1832 278 1861 vel
301 1830 378 1865 xlll,
409 1827 592 1867 compositus
621 1834 656 1855 ex
686 1822 838 1862 particulis
866 1820 1012 1850 librorum
1042 1815 1240 1854 complurium
1270 1812 1369 1849 itaque

234 1892 294 1912 non
335 1881 426 1911 unius
459 1878 581 1909 tenoris.
633 1874 788 1913 inscriptio
824 1870 997 1905 voluminis,
1032 1873 1065 1897 ut
1094 1875 1176 1896 nunc
1205 1874 1236 1894 se
1264 1863 1369 1892 habet:

238 1934 266 1964 C.
291 1932 314 1963 Ι.
339 1932 368 1962 S.
399 1933 459 1961 siue
482 1929 666 1968 yrommaticz'
692 1927 781 1964 (corr.
814 1933 848 1953 ex
879 1921 1029 1962 gammatz')
1056 1918 1217 1959 polyhistor
1247 1915 1281 1945 ab
1311 1916 1371 1953 ipso

235 1985 277 2015 ed.
302 1991 326 2014 et
350 1983 528 2021 recognitus,
559 1980 593 2009 ad
625 1987 699 2017 quae
730 1975 835 2005 adiecit
864 1982 968 2003 manus
993 1970 1138 2010 aequalis:
1169 1969 1201 1997 cle
1223 1968 1280 1996 situ
1303 1975 1328 1995 o.
1353 1970 1373 1994 t.

237 2041 262 2066 et
286 2036 318 2065 de
341 2045 362 2065 s.
386 2036 452 2064 mir.
477 2043 501 2072 q.
518 2034 549 2061 z'n
566 2041 606 2061 m.
630 2029 780 2060 habentur.
827 2025 1043 2063 subscriptum:
1069 2021 1171 2060 explic.
1195 2019 1227 2057 sl.
1247 2017 1279 2046 G.
1304 2015 1376 2045 Iulii

241 2087 336 2117 Solini
361 2088 419 2115 sive
448 2083 617 2122 grammati,
648 2081 682 2110 ad
707 2087 782 2118 quae
809 2077 915 2107 adiecit
938 2084 1042 2104 manus
1072 2073 1136 2102 illa:
1160 2070 1282 2108 feliciter
1305 2066 1376 2095 liber

242 2139 418 2178 perscriptus
441 2140 479 2165 est
496 2134 567 2164 Iulii
582 2132 677 2163 Solini
697 2133 756 2161 sive
779 2129 963 2168 yrammalici
986 2120 1241 2165 polz'ln'storz'oyrasi
1264 2118 1298 2148 ab
1316 2119 1374 2156 ipso

244 2190 336 2220 editus
359 2193 384 2217 et
407 2196 462 2216 rec.
508 2185 589 2214 adest
611 2182 754 2222 praefatio
779 2180 888 2219 spuria.
