1650 2446
121 308 187 342 3.2

122 444 208 480 5,10

123 852 188 887 8,6

827 80 887 108 218

232 166 368 204 capitales
391 166 440 195 sed
458 166 501 201 B2,
526 167 667 205 cupitales
690 166 713 196 si
731 166 782 202 M'J,
807 167 948 206 cupitales
971 167 1021 196 sed
1039 168 1081 202 13¹,
1098 168 1203 206 capital
1220 173 1263 198 est
1279 169 1302 198 si
1319 169 1431 205 N²L²P,
1470 176 1481 199 1

232 216 373 255 cupitales
395 217 558 246 secundum
583 217 670 253 L¹M¹)
696 226 763 256 pars
787 217 925 247 alterutra
950 223 1102 248 noceatur.
1126 235 1166 240 —-
1192 218 1362 249 N²LMBAP
1470 227 1483 250 2

233 309 270 339 ad
294 319 325 348 p.
354 312 410 344 45,
439 311 473 340 2:
509 307 682 350 [Planasiam
714 311 749 340 de
780 311 852 340 facie
880 309 1056 353 supinitatis]
1088 312 1130 341 vel
1162 311 1236 341 Ulixi
1267 312 1369 349 (Ulixis
1399 313 1433 351 A)
1470 320 1483 343 3

235 360 388 390 erroribus
413 358 465 402 [sic
489 358 637 403 uocatam]
665 379 705 383 ——
731 361 780 391 ΑΡ

232 445 308 484 adp.
324 447 374 481 49,
391 448 443 476 17:
467 446 500 475 de
514 446 605 476 Aetna
618 452 681 486 post
698 447 889 476 antecedant:
906 448 1012 476 mirum
1030 448 1085 477 boc
1102 453 1159 477 est:
1179 458 1233 477 nec
1250 448 1319 478 illud
1337 448 1435 479 minus
1472 455 1485 478 5

232 496 309 534 quod
334 496 363 525 in
388 497 435 526 illa
454 497 593 526 ferventis
618 502 738 527 naturae
763 498 924 536 pervicacia
951 498 1054 527 mixtas
1078 498 1192 536 (N2AP,
1225 499 1321 528 mixtis
1343 498 1436 538 LMG)
1471 506 1485 529 6

232 547 308 585 ignis
332 547 448 577 nivibus
471 548 602 587 (ignibus
626 548 705 577 nives
728 549 763 586 A)
788 550 915 587 praefert
937 550 1088 587 (praeserit
1105 549 1148 587 M)
1165 556 1193 579 et
1209 551 1276 588 (om.
1294 550 1343 588 ΝΞ)
1367 551 1435 580 licet
1472 557 1485 580 τ

231 598 318 627 vastis
342 599 470 628 exundet
486 599 631 629 incendiis
649 599 740 638 apicis
757 599 842 637 (N2A,
866 601 956 639 aprici
972 600 1090 637 LMGP)
1107 601 1213 630 canitie
1230 602 1359 639 (canicae
1376 602 1436 640 M‘1)
1472 608 1486 631 8

232 654 373 687 perpetua
391 649 500 686 (N2AP,
524 654 668 688 perpetuo
685 649 777 686 LMG)
801 650 963 680 brumalem
987 651 1098 681 detinet
1120 652 1238 681 faciem:
1268 653 1305 682 ita
1329 653 1436 682 invicta
1473 660 1487 682 t)

234 702 300 736 (om.
326 699 378 738 ΝΞ)
401 700 431 729 in
456 704 582 739 utroque
606 701 742 730 violentia
767 711 822 731 nec
846 702 925 731 calor
946 702 1057 741 frigore
1080 703 1230 742 mitigatur
1260 713 1315 733 neo
1344 704 1436 742 frigus
1460 709 1487 733 tu

233 751 330 780 calore
354 751 530 782 dissolvitur.
554 770 594 773 ——
620 752 792 782 N²LMGAP
1461 759 1486 783 11

233 853 271 882 ad
289 854 388 892 p.62,
407 856 440 884 11
475 856 504 883 in
528 854 586 885 loco
610 856 642 885 (Ie
666 855 785 893 Olympo
809 863 846 883 ea:
868 864 890 883 c.
916 856 943 889 S,
961 855 979 884 6
1009 855 1147 885 translato
1175 857 1206 885 in
1229 865 1251 885 c.
1276 858 1305 889 9,
1330 858 1347 887 9
1374 861 1438 895 post
1462 861 1488 885 12

233 909 455 934 consecratum:
485 905 598 935 litterae
623 907 651 935 in
675 906 773 935 cinere
790 905 915 944 scriptae
932 905 965 934 ad
983 915 1076 944 usque
1094 908 1199 944 (usque
1215 907 1249 936 ad
1267 907 1300 943 A)
1317 907 1436 936 alteram
1460 912 1486 936 13

234 955 304 984 anni
327 956 536 986 caerimoniam
560 962 745 996 permanent.
771 975 811 978 —
834 956 891 986 ΑΡ.
933 956 977 994 Cf.
1001 967 1023 986 o.
1043 959 1091 992 11,
1109 958 1148 988 33
1461 963 1487 987 14

234 1045 300 1069 ante
320 1051 348 1080 p.
366 1042 416 1077 99,
434 1043 451 1072 3
476 1042 656 1072 infamantur
680 1042 738 1079 (Ρῖ)
755 1041 799 1071 vel
818 1052 847 1081 p.
864 1044 915 1078 99,
934 1045 949 1071 4
972 1047 1034 1081 pose
1052 1042 1134 1072 aiunt
1152 1041 1220 1080 (SA)
1238 1042 1269 1071 de
1287 1041 1436 1071 Gallorum
1460 1047 1486 1071 15

233 1090 333 1121 hostiis
355 1091 490 1123 humanis
513 1095 566 1123 ins.
592 1094 752 1123 detestabili
770 1102 921 1123 sacrorum
939 1093 1006 1122 ritu.
1030 1111 1069 1115 —
1095 1092 1178 1122 SAP²
1462 1097 1488 1121 to·

233 1185 310 1224 adp.
329 1187 368 1217 99
385 1186 441 1223 (uli
455 1188 517 1217 vide
532 1197 559 1216 v.
577 1187 622 1223 l.):
648 1185 727 1229 [ager
744 1187 880 1216 Baeticus
896 1186 993 1215 bonus
1012 1183 1156 1227 frugibus]
1177 1186 1350 1224 Brigantino
1374 1185 1438 1215 lacu
1461 1190 1488 1215 1τ

234 1236 355 1266 nobilis:
382 1235 462 1278 [inde
478 1238 603 1268 Noricus
620 1238 742 1277 frigidus
759 1242 785 1267 et
804 1238 922 1277 parcius
945 1235 1136 1279 sructuosus],
1161 1247 1217 1276 qua
1233 1236 1408 1267 subducitur
1423 1245 1438 1265 a
1462 1241 1489 1265 18

234 1288 309 1326 iugis
325 1288 441 1326 Alpium
465 1288 621 1318 admodum
638 1289 745 1319 laetus:
772 1287 890 1329 [dehinc
908 1289 1077 1318 Pannoniae
1101 1289 1162 1318 viro
1186 1289 1277 1318 fortes
1301 1285 1340 1328 et]
1364 1285 1437 1328 solo]
1462 1292 1489 1316 1⁴.)

234 1338 322 1377 plano
338 1339 513 1378 ubertoque,
538 1339 631 1369 Dravo
649 1341 781 1379 Savoque
797 1340 916 1370 inclutis
937 1340 1072 1369 amnibus
1088 1339 1284 1369 circumfluae.
1301 1356 1341 1361 —
1358 1338 1437 1369 SAP¹
1460 1343 1488 1367 21)

235 1432 273 1461 acl
290 1442 321 1471 p.
341 1435 410 1468 100,
430 1435 467 1464 10
498 1434 530 1463 de
557 1434 656 1463 incolis
679 1433 833 1463 Hiberniae
859 1439 923 1473 post
946 1434 1073 1463 ducunt:
1104 1442 1250 1473 puerpera
1274 1433 1302 1463 si
1321 1431 1439 1471 quando
1462 1436 1489 1460 21

236 1493 347 1513 marem
361 1484 458 1519 edidit,
476 1485 587 1523 primos
603 1484 683 1514 cibos
700 1485 793 1523 gladio
811 1485 929 1523 inponit
943 1485 1039 1514 mariti
1052 1485 1142 1524 inque
1156 1495 1188 1514 os
1201 1483 1313 1524 parvuli
1325 1492 1439 1513 summo
1462 1487 1490 1512 22

239 1544 381 1565 mucrone
405 1536 568 1574 auspicium
592 1536 797 1565 alimentorum
815 1536 922 1565 leuiter
936 1536 1055 1565 infercit
1071 1536 1171 1573 (infert
1186 1536 1220 1573 Α)
1237 1539 1266 1565 et
1282 1534 1440 1573 gentilibus
1462 1539 1489 1563 23

236 1586 309 1616 votis
333 1591 423 1625 optat,
452 1596 512 1616 non
537 1587 620 1616 aliter
641 1597 730 1626 quam
755 1588 783 1617 in
809 1587 885 1617 bello
910 1592 938 1617 et
960 1587 1037 1617 inter
1060 1596 1140 1616 arma
1163 1592 1288 1616 mortem
1312 1589 1440 1625 oppetat.
1462 1590 1490 1614 24

239 1637 289 1676 qui
305 1638 396 1676 (quod
408 1638 442 1674 A)
455 1638 574 1667 student
586 1638 686 1674 cultui,
703 1638 841 1668 dentibus
853 1638 945 1676 (cultu
959 1638 1128 1668 uidentibus
1142 1637 1175 1675 S)
1187 1638 1259 1667 mari
1273 1635 1440 1673 nantium*)
1463 1641 1490 1665 23

238 1688 386 1717 belvarum
420 1689 586 1727 insigniunt
620 1690 734 1719 ensium
764 1689 893 1728 capulos.
938 1689 1093 1719 candicant
1122 1689 1199 1718 enim
1231 1689 1264 1718 ad
1297 1688 1439 1717 eburnam
1462 1692 1491 1716 26

238 1740 350 1774 (-neam
383 1740 416 1777 A)
451 1740 621 1769 claritatem.
661 1749 727 1769 nam
762 1741 918 1779 praecipua
942 1740 1010 1769 viris
1038 1740 1130 1779 gloria
1161 1744 1204 1769 est
1232 1740 1261 1769 in
1291 1747 1441 1768 armorum
1463 1743 1491 1766 27

236 1789 344 1819 nitella.
368 1807 409 1811 —
433 1790 505 1820 SAP
1463 1794 1491 1818 28

237 1874 274 1905 ad
293 1885 322 1914 p.
342 1877 411 1910 100,
431 1877 478 1911 13,
498 1877 534 1906 14
566 1876 597 1905 de
619 1875 719 1906 incolis
745 1875 915 1906 Hiberniae:
947 1875 1084 1914 navigant
1106 1880 1203 1904 autem
1226 1874 1317 1911 (enim
1341 1873 1374 1912 A)
1398 1874 1436 1903 vi-
1462 1878 1489 1903 29

239 1926 344 1956 mineis
367 1926 468 1962 alveis,
493 1936 566 1965 quos
590 1927 773 1957 circumdant
796 1926 954 1956 ambitione
971 1931 1122 1965 tergorum
1139 1925 1318 1954 bubulorum
1335 1923 1440 1961 (buba-
1463 1929 1491 1953 30

239 1978 334 2007 lorum
352 1977 398 2014 A).
422 1983 662 2016 quantocumque
679 1983 812 2017 tempore
836 1987 941 2007 cursus
963 1976 1090 2013 tenebit,
1115 1977 1286 2015 nauigantes
1302 1976 1366 2013 (-tis
1381 1975 1439 2013 SP)
1463 1980 1489 2004 31

239 2029 313 2059 escis
337 2029 434 2067 (aestis
459 2028 492 2065 G)
516 2028 675 2059 abstinent.
699 2046 739 2050 -—
764 2027 919 2058 LMGSAP
1463 2031 1492 2055 32

323 2124 346 2154 *)
365 2122 404 2156 cf.
424 2123 448 2154 5,
467 2124 482 2148 6
496 2131 526 2157 p.
548 2124 588 2154 49,
608 2123 622 2148 3
641 2121 699 2148 lect.
720 2119 846 2153 interpol.
865 2119 1021 2154 Pachynum
1040 2119 1148 2153 thynnis
1167 2120 1193 2145 et
1206 2117 1328 2145 omnibus
1342 2117 1408 2144 mari
1422 2124 1488 2144 nan-

235 2163 306 2190 tibus
325 2164 589 2197 pisculentissimum.

1512 1881 1555 1901 PL.
1573 1873 1601 1906 4,
1621 1872 1650 1902 1(
