1593 2409
820 104 843 130 L

332 200 434 226 nostro
460 194 484 223 R
508 194 658 224 etiamtum
682 191 843 230 integriore
867 194 895 219 et
918 193 1039 218 eatenus
1062 188 1197 227 prodest,
1228 191 1374 226 quatenus
1396 194 1464 215 eum

335 246 441 286 explet.

210 311 265 340 141
293 306 420 337 Urbinas
443 315 472 335 n.
497 305 558 336 999
583 312 658 333 saec.
683 301 742 331 XV.
792 299 946 338 inscriptio
975 303 1043 327 ante
1073 297 1284 336 praefationem
1317 295 1464 334 spuriam:

338 360 369 387 in
393 357 443 386 hoc
466 355 556 385 codice
579 355 741 384 continetur
759 351 829 381 liber
845 349 917 380 Iulii
932 350 1026 379 Solimi
1043 349 1208 388 Apolinaris
1231 344 1294 388 [sic]
1319 347 1351 375 de
1373 347 1466 375 mira-

339 408 443 438 bilibus
465 407 583 440 mumh,
617 408 685 434 ante
714 402 927 442 praefationem
959 401 1133 439 genuinam:
1172 398 1201 428 C.
1227 397 1299 427 Iulii
1320 397 1414 426 Solini
1437 396 1468 425 de

339 461 396 489 situ
419 468 444 488 o.
468 463 488 487 t.
512 462 536 486 et
561 457 593 486 de
616 457 688 494 siny.
712 456 778 483 mir.
802 463 825 492 q.
850 454 882 482 in
905 462 942 481 m.
967 451 1108 481 habentur
1131 451 1241 488 incipit.
1280 449 1361 477 adest
1383 456 1468 486 prae-

340 510 410 540 fatio
433 509 544 548 spuria.

213 564 272 595 142
296 560 528 591 Barberinianus
552 558 615 587 VIII
639 558 678 587 63
702 557 799 594 (antea
825 565 854 584 n.
880 556 972 591 1494)
997 562 1071 583 saec.
1096 551 1154 580 XV.
1200 550 1370 589 inscriptio:
1405 548 1472 578 Gaii

342 611 440 642 Publii
463 610 559 640 Sotim'
580 610 640 638 viri
662 608 818 637 doctissimi
840 606 910 635 liber
931 604 1093 644 polinistor‚
1121 602 1172 631 ubi
1193 603 1288 631 omnis
1312 601 1471 639 antiquita-

343 665 378 694 tis
400 661 535 692 miranda
558 659 608 689 sub
624 658 786 698 compendio
805 657 874 687 lecta
891 661 973 691 sunt;
997 653 1194 691 subscriptio:
1222 652 1288 682 Gaii
1303 651 1399 681 Solini
1412 651 1473 680 viri

342 714 499 743 doctissimi
518 711 672 750 polinistor
695 709 820 747 explicit.
859 708 938 737 adest
962 704 1104 745 praefatio
1129 703 1237 742 spuria.
1283 703 1355 731 dixit
1377 702 1413 730 de
1437 710 1471 730 eo

342 765 418 794 libro
442 764 605 793 Stowasser
629 761 659 799 (l.
684 769 708 789 c.
733 760 767 788 ad
792 769 820 788 n.
849 760 919 794 131)
942 767 971 796 p.
998 757 1036 787 12
1063 765 1122 784 non
1147 755 1210 784 sine
1234 753 1399 792 diligentia,
1423 751 1472 781 sed

343 816 407 845 sine
431 815 538 843 fructu.

218 877 276 907 143
308 873 511 905 Casanatensis
542 872 573 900 B.
597 871 647 901 111.
675 873 686 900 1
720 878 795 899 saec.
827 868 900 897 XIV.
964 865 1118 904 inscriptio
1157 870 1225 893 ante
1261 862 1475 901 praefationem

345 925 490 963 spuriam:
529 922 646 961 epistola
681 919 842 950 consularis
875 918 1007 959 (enatum
1045 926 1079 946 ex
1109 915 1301 955 praenomine
1334 913 1378 949 C.)
1408 911 1478 941 Iulii

347 976 442 1005 Solini
470 974 666 1013 grammatici,
697 976 765 1000 ante
796 970 920 999 librum:
948 968 1102 1008 polystoris
1132 966 1202 996 Iulii
1224 965 1321 995 Solini
1349 963 1382 993 ab
1415 965 1476 1002 ipso

347 1027 417 1056 editi
457 1031 481 1055 ec
525 1024 664 1061 recoynicz'
704 1031 773 1061 pars
806 1023 904 1060 prima
938 1021 1055 1058 incipit;
1090 1016 1282 1055 subscriptio:
1318 1014 1478 1044 consularis

348 1077 418 1107 Iulii
447 1075 543 1105 Solini
563 1075 746 1113 grammatici
765 1072 925 1112 polyhistor
947 1071 982 1100 ab
1001 1072 1061 1109 ipso
1085 1069 1126 1098 ed.
1150 1074 1174 1098 et
1197 1076 1252 1096 rec.
1304 1065 1412 1095 divisus
1436 1069 1479 1094 est

346 1129 422 1158 liber
459 1127 488 1156 in
520 1130 618 1165 partes
653 1129 800 1163 quattuor.
862 1123 943 1152 adest
970 1120 1111 1160 praefatio
1146 1118 1259 1157 spuria,
1296 1116 1345 1146 sed
1383 1119 1479 1145 textus

349 1180 442 1217 magis
467 1182 511 1207 est
539 1176 639 1206 classis
669 1175 826 1205 secundae.
889 1173 959 1202 dixit
989 1173 1023 1201 de
1053 1170 1128 1200 libro
1153 1170 1315 1198 Stowasser
1341 1167 1370 1205 (l.
1396 1175 1420 1196 c.
1445 1165 1478 1194 ad

349 1241 378 1260 n.
405 1230 477 1267 131)
502 1239 529 1267 p.
550 1229 597 1259 13.

225 1293 283 1322 144
307 1290 502 1319 bibliothecae
526 1287 647 1316 Victorii
676 1284 876 1314 Emmanuelis
906 1282 1145 1312 Sessorianorum
1178 1289 1206 1308 n.
1232 1280 1269 1309 17
1295 1286 1370 1307 saec.
1394 1276 1480 1314 xsxl.

350 1339 504 1378 inscriptio
530 1339 559 1367 in
577 1338 724 1376 margine:
750 1335 843 1365 Solini
865 1335 897 1363 de
919 1332 1099 1363 mirabilibus
1121 1331 1237 1365 munitm
1261 1329 1359 1358 deficit
1377 1329 1446 1363 160,
1463 1328 1481 1357 9

352 1391 433 1420 verb.
462 1389 582 1428 singulis
611 1388 663 1417 vel.
707 1387 857 1426 specimen
888 1385 967 1414 dedit
996 1382 1107 1412 Preller
1130 1380 1291 1418 Zeitschrift
1313 1380 1367 1418 fitr
1388 1379 1482 1408 Alter-

352 1440 638 1477 tlzumswissenscliaft
664 1439 743 1469 1847
768 1447 797 1476 p.
815 1438 885 1467 209.
923 1435 1005 1464 adest
1028 1433 1170 1472 praefatio
1195 1431 1303 1470 spuria.

311 1501 441 1532 ROUEN
1248 1508 1251 1509 ν

226 1554 307 1586 *145
334 1563 362 1582 n.
390 1553 467 1583 1421
501 1551 535 1588 (O
561 1551 611 1585 34)
642 1557 717 1578 saec.
738 1547 790 1576 ΧΠ
822 1547 886 1584 (cot.
910 1546 957 1575 cles
980 1545 1039 1583 de'p.
1064 1544 1117 1573 vol.
1146 1546 1158 1574 1
1193 1552 1218 1572 a.
1244 1542 1324 1572 1886
1349 1550 1377 1579 p.
1401 1540 1484 1576 425).

357 1602 535 1641 subscriptio
568 1600 787 1629 Theodosiana:
826 1597 848 1626 I.
874 1596 902 1626 S.
935 1596 1005 1625 liber
1035 1594 1110 1634 empl.
1141 1593 1190 1632 fel.
1214 1598 1247 1622 st.
1281 1598 1306 1622 et
1334 1590 1487 1629 viyilantia

358 1656 457 1684 domni
481 1652 530 1682 Th.
555 1654 613 1681 inv.
634 1660 681 1690 pr.
704 1656 729 1680 et
753 1649 984 1679 christianissimi
1006 1647 1196 1685 imperatoris.

317 1713 430 1743 SAINT
454 1711 588 1741 MIHIEL

231 1765 310 1797 *14ss
336 1775 364 1794 n.
390 1765 429 1794 42
453 1772 529 1791 saec.
554 1761 591 1790 xl
627 1761 691 1798 (cat.
716 1760 760 1788 ‹Ies
783 1759 843 1797 de'p.
866 1757 921 1786 vol.
947 1758 964 1788 3
989 1765 1014 1785 a.
1040 1755 1117 1786 1861
1148 1763 1176 1792 p.
1201 1753 1284 1789 528).
1333 1750 1487 1789 inscriptio

362 1815 452 1849 deest,
470 1822 536 1842 cum
555 1811 676 1849 incipiat
691 1818 813 1839 maneus
830 1818 858 1847 p.
880 1810 925 1842 15,
939 1809 957 1837 4
974 1806 1070 1835 verbis
1086 1803 1222 1835 stomachi
1237 1803 1394 1837 eleusinum
1419 1801 1490 1830 sul]-

363 1865 498 1903 scriptio:
523 1863 638 1902 explicit
655 1861 725 1891 liber
740 1860 763 1890 I.
783 1860 812 1889 S.
830 1859 862 1888 (le
884 1861 941 1888 situ
958 1867 983 1888 0.
1001 1863 1019 1887 t.
1045 1862 1068 1886 et
1093 1857 1124 1885 de
1143 1857 1215 1894 siny.
1232 1856 1299 1883 mir.
1316 1862 1367 1892 que
1389 1851 1490 1881 mundi

362 1915 471 1946 ainbitu
494 1916 685 1944 continentur.

321 1976 369 2006 AD
394 1974 527 2005 SANCTI
553 1972 664 2002 GALLI

185 2029 207 2059 S
242 2030 300 2060 147
327 2037 356 2057 n.
382 2027 439 2057 187
465 2034 540 2055 sace.
564 2024 598 2062 Xy
623 2028 656 2053 ut
679 2023 812 2057 credunt,
837 2026 934 2050 tamen
959 2019 1080 2048 fortasse
1104 2017 1127 2046 is
1151 2016 1222 2055 ipse,
1246 2015 1295 2053 qui
1318 2017 1492 2043 recensetur

366 2079 444 2107 inter
467 2076 557 2105 libros
580 2075 705 2113 scriptos
729 2073 768 2102 ibi
792 2072 846 2101 sub
870 2070 974 2100 abbate
998 2069 1149 2098 Hartmoto
1173 2076 1198 2096 a.
1219 2065 1386 2097 872—883
1410 2064 1492 2102 (Rat-

367 2133 468 2169 pertns
491 2127 526 2156 ad
550 2126 613 2155 cod.
639 2124 766 2163 Sangall.
791 2133 819 2152 n.
841 2123 912 2157 267,
940 2130 1023 2150 casus
1046 2118 1138 2149 sancti
1163 2117 1235 2147 Galli
1258 2116 1321 2146 MG.
1339 2116 1389 2145 SS.
1407 2116 1435 2150 2,
1454 2116 1492 2145 72

367 2194 408 2204 ==
432 2179 526 2210 Mi'tth.
551 2179 576 2207 d.
601 2176 700 2206 vaterl.
727 2173 908 2211 Gesellsclzaft
937 2173 990 2210 fiir
1012 2170 1053 2200 St.
1081 2169 1179 2199 Gallen
1208 2168 1263 2197 vol.
1292 2169 1328 2199 13
1361 2176 1385 2197 a.
1411 2167 1493 2197 1872
