1593 2409
644 99 747 126 XXXV

193 195 353 225 taminatus
383 197 441 227 est,
479 195 511 220 ut
541 189 691 229 specimen
722 184 963 215 Luedeckianuui
997 179 1142 214 ostendit,
1179 187 1213 207 ex
1248 175 1332 205 libris

195 246 326 280 duobus,
361 244 452 273 altero
488 241 599 271 ordinis
633 238 719 278 primi
757 235 904 266 simillimo
943 232 1038 263 nostri
1074 230 1104 260 N
1139 231 1330 268 (quamquam

194 297 296 337 paucis
326 296 397 325 locis
433 292 582 323 consentit
611 299 678 320 cum
709 288 738 318 H
767 288 797 316 in
828 285 981 316 erroribus
1012 283 1081 312 huic
1118 279 1261 320 propriis,
1300 282 1332 306 ut

196 353 266 379 sunt
291 349 339 383 13,
368 348 404 377 12
428 345 553 375 molieris
575 358 617 363 —-
642 342 712 375 101,
739 341 758 370 2
782 338 885 368 detinet
908 353 949 357 -
978 335 1044 369 143,
1074 335 1110 364 15
1141 341 1185 360 res
1209 329 1331 365 dubias),

198 400 289 430 altero
313 398 472 428 accedente
495 394 582 425 modo
607 393 640 422 ad
665 390 829 421 secundum
857 387 990 417 ordinem
1021 384 1108 413 modo
1140 382 1175 412 ad
1204 380 1333 411 tertium.

199 452 306 481 adsunt
336 448 510 479 emblemata
534 449 600 484 post
623 453 651 482 p.
677 444 726 476 49,
754 442 790 470 17
820 441 929 469 mirum
953 441 1008 466 cet.
1034 440 1062 464 et
1086 438 1153 473 post
1174 442 1203 472 p.
1227 431 1298 466 118,
1315 431 1334 459 2

199 504 248 542 qui
269 506 301 531 uc
325 499 486 530 Aristoteles
509 502 581 531 cet.,·
614 496 683 524 item
713 490 929 531 geminationes
952 489 1086 517 locorum
1110 495 1139 524 p.
1157 485 1206 519 62,
1224 485 1243 513 4
1266 490 1336 510 nam

201 553 339 592 Olympus
362 556 391 580 et
413 559 441 589 p.
462 550 530 583 135,
549 548 587 579 13
611 546 646 575 de
663 545 817 578 cinnamo;
842 542 910 571 item
928 539 1071 569 lectiones
1094 546 1123 575 p.
1150 537 1198 569 17,
1216 536 1234 565 5
1255 534 1337 572 parti

199 621 241 626 —
265 605 315 638 32,
339 605 357 633 5
387 601 428 631 ibi
452 617 487 621 —-
515 600 566 634 33,
592 599 629 628 10
660 596 733 634 ligea
755 612 797 615 —
821 594 871 628 39,
896 593 914 622 3
945 595 1024 620 oetae
1054 604 1094 609 -
1120 589 1170 622 46,
1198 587 1235 617 12
1260 588 1337 614 creat

201 665 259 686 om.
282 672 323 677 —-
349 655 398 688 56,
422 653 440 683 8
463 656 488 681 et
515 655 657 679 taenaron
680 652 719 677 esc
748 663 790 667 —-
820 644 870 679 58,
894 645 913 673 4
944 641 1053 671 ichmon
1082 657 1121 660 —
1148 639 1218 673 135,
1243 638 1261 666 5
1285 635 1336 665 ad-

201 707 279 737 sultu
302 722 342 727 —
368 705 437 739 149,
466 703 501 733 13
527 701 614 731 codem
637 716 678 720 —-
700 698 771 731 152,
796 698 814 726 5
838 695 976 724 retlz'mitu
997 693 1067 731 pari
1086 700 1156 729 pars
1172 706 1211 711 -
1231 689 1301 722 174,
1322 689 1334 717 1

202 765 425 788 neocaesaream.

25 812 54 843 N
74 814 113 844 27
139 821 168 841 n.
193 811 255 841 444
285 817 361 838 saec.
384 806 438 841 XI,
469 803 627 843 aliquando
660 797 888 838 Gottorpiensis.
939 800 1007 834 post
1036 793 1221 823 rubricarum
1252 790 1339 819 later-

203 860 303 891 culum
334 863 362 888 et
393 856 546 896 epistulam
572 853 743 891 inscriptam
767 849 887 879 Solinus
910 847 1036 876 Advento
1060 844 1183 874 salutem
1206 840 1339 880 sequitur

205 911 322 942 libellus
352 918 419 939 cum
442 906 662 945 subscriptione
685 904 755 932 hac:
787 900 902 939 emplz‘cit
925 898 996 927 liber
1019 896 1090 927 Iulii
1109 894 1205 925 Solz'nz'
1227 892 1259 921 de
1281 893 1339 920 sicu

205 963 282 993 orbis
312 967 459 991 terrarum
482 964 506 988 ee
530 958 562 987 cle
584 955 704 994 singulis
734 951 916 983 mirabilibus
943 958 994 989 que
1016 947 1121 978 mundi
1140 945 1250 975 ambitu
1273 952 1338 973 con-

206 1017 345 1047 tinentur,
377 1020 450 1050 quae
481 1007 660 1046 subscriptio
684 1005 787 1035 iisdem
815 1004 876 1032 fere
900 1000 997 1030 verbis
1020 1009 1035 1028 a
1058 1007 1149 1028 manu
1173 994 1285 1025 recenti
1310 993 1339 1022 in

208 1065 355 1105 principio
379 1062 445 1092 libri
474 1059 597 1099 repetita
622 1062 674 1087 est.
724 1055 834 1085 codicis
857 1052 972 1082 collatio
996 1051 1129 1080 instituta
1152 1057 1167 1076 a
1190 1045 1341 1076 Friderico

209 1115 402 1153 Lindenbrog
432 1116 509 1142 extat
532 1111 566 1140 ad
591 1108 754 1147 marginem
780 1103 957 1143 exemplaris
981 1101 1120 1131 editionis
1143 1098 1237 1128 Solini
1261 1096 1342 1126 Basi-

208 1167 316 1198 leensis
329 1176 354 1196 a.
370 1166 451 1197 1557
464 1162 571 1193 servati
587 1162 616 1191 in
634 1159 812 1189 bibliotheca
829 1154 1017 1193 Gottingensi
1027 1153 1058 1190 ¹).
1082 1152 1145 1181 eius
1169 1147 1343 1187 exemplaris

210 1218 343 1249 notitiam
357 1215 456 1251 habui,
474 1223 540 1243 cum
555 1212 682 1252 primum
697 1209 833 1239 Solinum
846 1205 993 1240 recensui,
1010 1203 1060 1234 sed
1077 1213 1110 1232 eo
1124 1207 1187 1231 tum
1202 1209 1261 1230 non
1279 1207 1342 1229 sum

210 1279 295 1306 usus;
313 1268 402 1298 edidit
418 1276 485 1296 mox
502 1274 527 1294 a.
547 1264 628 1296 1866
646 1261 775 1300 amplum
794 1258 917 1288 huiusce
934 1256 1002 1285 libri
1018 1254 1178 1284 lectionum
1193 1251 1342 1290 specimen

211 1321 242 1351 C.
260 1321 291 1350 F.
309 1318 463 1349 Luedecke
487 1317 517 1346 in
542 1317 761 1355 programmate
785 1309 902 1340 scholae
918 1306 1089 1337 Bremensis
1112 1302 1342 1343 (Mz'lthez'lunyen

211 1373 281 1403 iiber
304 1372 377 1401 zwei
398 1368 525 1407 wz'chtiye
543 1364 768 1402 Handschriften
793 1362 838 1391 des
864 1360 893 1389 C.
918 1358 1011 1388 Iulius
1035 1357 1166 1392 Solinus)
1190 1364 1260 1384 usus
1284 1362 1343 1382 non

213 1425 308 1455 solum
326 1421 483 1452 collatione
500 1415 699 1455 Gottingensi,
715 1414 766 1444 sed
783 1413 846 1451 ipso
865 1419 984 1449 quoque
1002 1408 1104 1438 codice
1121 1406 1231 1436 llavnia
1249 1410 1345 1434 trans-

213 1475 302 1505 misso
319 1475 464 1503 Bremam.
502 1470 578 1499 idem
597 1467 666 1497 mihi
683 1464 817 1503 contigit,
842 1468 874 1492 ut
892 1471 944 1501 per
967 1460 1074 1490 multos
1097 1467 1214 1488 menses
1238 1455 1347 1495 egregii

213 1526 322 1556 codicis
356 1533 442 1554 usum
481 1519 611 1550 Berolini
646 1517 795 1547 haberem.
836 1530 874 1534 —
917 1512 1014 1542 Codex
1056 1520 1123 1540 cum
1161 1509 1197 1538 sit
1235 1506 1348 1536 ordinis

215 1577 318 1617 primi,
363 1574 496 1613 expletus
534 1575 578 1601 est
613 1569 658 1598 vel
697 1566 870 1597 emendatus
907 1563 942 1592 ad
978 1563 1066 1591 alium
1104 1560 1204 1590 classis
1244 1558 1348 1588 tertiae

215 1630 268 1664 ita,
300 1632 331 1657 ut
354 1627 389 1655 de
413 1623 558 1664 primitiva
582 1629 701 1660 quoque
724 1618 851 1648 lectione
874 1615 1050 1654 plerumque
1081 1616 1213 1645 constet,
1247 1617 1348 1638 emen-

216 1680 350 1709 dationes
380 1682 477 1707 tamen
508 1673 619 1704 librarii
653 1670 739 1710 primi
770 1666 840 1706 (Νὴ)
869 1676 883 1695 a
915 1664 1150 1695 correctionibus
1180 1659 1352 1701 posteriori-

216 1731 272 1761 bus
302 1729 368 1768 (N‘2)
392 1737 452 1757 non
477 1733 594 1764 semper
626 1722 856 1759 distinguantur.
908 1727 962 1755 ego
992 1717 1021 1745 in
1051 1715 1131 1744 varia
1154 1713 1282 1743 lectione
1306 1720 1352 1739 re-

218 1781 339 1812 serenda
370 1780 405 1809 ad
435 1778 510 1808 solas
540 1777 603 1806 sere
633 1773 793 1813 primitivas
816 1769 978 1807 scripturas
1001 1766 1130 1800 attendi,
1160 1774 1227 1794 cum
1252 1771 1353 1792 ernen-

219 1833 351 1863 dationes
378 1841 393 1860 a
418 1830 512 1869 primo
536 1827 681 1866 scriptore
705 1825 796 1854 factae
819 1830 902 1851 rarae
931 1820 990 1849 sint
1019 1823 1047 1847 et
1076 1818 1105 1846 in
1137 1815 1269 1845 minutiis
1293 1814 1354 1842 sere

219 1889 381 1914 Vffl'SesslUl'.

181 1990 205 2018 1)
225 1986 257 2012 In
275 1984 440 2011 bibliotheca
463 1979 626 2007 Fabriciana
650 1975 800 2008 (catalogus
825 1981 849 1999 a.
872 1973 935 1998 1741
959 1977 1023 2004 pars
1043 1971 1058 1995 4
1082 1976 1107 2002 p.
1130 1970 1176 1994 185
1204 1975 1229 1992 n.
1251 1967 1292 1997 64)
1311 1972 1355 1990 ex-

93 2030 180 2057 titisse
199 2028 297 2055 dicitur
318 2025 405 2053 Solini
424 2022 547 2050 editionis
562 2022 672 2047 curatae
685 2026 701 2044 a
717 2017 848 2043 Grassero
867 2014 968 2046 (Aurel.
983 2012 1086 2039 Allobr.
1104 2012 1177 2041 1605)
1196 2007 1356 2041 exemplum,

95 2072 167 2107 quod
181 2068 241 2097 ‘Fu
263 2066 479 2100 Lindenbrogius
505 2063 619 2090 contulit
643 2069 702 2088 cum
725 2059 831 2087 duobus
850 2065 913 2084 mss.
934 2054 1172 2089 Gottorpiensibus
1197 2054 1223 2078 et
1242 2049 1358 2076 editione

95 2114 216 2149 Spirensi
244 2114 326 2147 atque
352 2109 463 2141 Aldina,
487 2109 568 2141 atque
592 2105 711 2132 eruditas
734 2101 936 2129 observationes
967 2098 1001 2124 ad
1027 2099 1165 2124 auctorem
1190 2094 1278 2127 ipsum
1296 2091 1356 2117 illu-

97 2157 236 2184 strandum
255 2150 371 2182 adiecit?
404 2152 431 2178 id
445 2150 596 2184 exemplum
613 2156 666 2182 quo
680 2144 840 2180 pervenerit,
859 2143 1013 2176 ignoratum
1033 2138 1173 2166 verisimile
1186 2138 1228 2163 est
1240 2134 1357 2169 pendere

99 2201 133 2228 ab
152 2207 184 2226 eo
204 2199 388 2231 Gottingense‚
407 2202 423 2221 a
441 2201 494 2228 quo
513 2193 591 2219 abest
608 2197 705 2217 nomen
724 2185 923 2219 Lindenbrogii.

1113 2224 1147 2249 c*
