<?xml version="1.0" encoding="UTF-8"?>
<!DOCTYPE html PUBLIC "-//W3C//DTD XHTML 1.0 Transitional//EN"
    "http://www.w3.org/TR/xhtml1/DTD/xhtml1-transitional.dtd">
<html xmlns="http://www.w3.org/1999/xhtml" xml:lang="en" lang="en">
 <head>
  <title>
</title>
<meta http-equiv="Content-Type" content="text/html;charset=utf-8" />
  <meta name='ocr-system' content='tesseract 3.04.00' />
  <meta name='ocr-capabilities' content='ocr_page ocr_carea ocr_par ocr_line ocrx_word'/>
</head>
<body>
  <div class='ocr_page' id='page_1' title='image "./collectanearerum00soliuoft_0027.png"; bbox 0 0 1593 2409; ppageno 0'>
   <div class='ocr_carea' id='block_1_1' title="bbox 657 99 749 127">
    <p class='ocr_par' dir='ltr' id='par_1_1' title="bbox 657 99 749 127">
     <span class='ocr_line' id='line_1_1' title="bbox 657 99 749 127; baseline -0.022 0"><span class='ocrx_word' id='word_1_1' title='bbox 657 99 749 127; x_wconf 87' lang='lat' dir='ltr'>XXIII</span> 
     </span>
    </p>
   </div>
   <div class='ocr_carea' id='block_1_2' title="bbox 77 180 1569 2234">
    <p class='ocr_par' dir='ltr' id='par_1_2' title="bbox 77 180 1341 433">
     <span class='ocr_line' id='line_1_2' title="bbox 77 180 1337 232; baseline -0.017 -4"><span class='ocrx_word' id='word_1_2' title='bbox 77 197 248 228; x_wconf 78' lang='lat' dir='ltr'>Ammianus</span> <span class='ocrx_word' id='word_1_3' title='bbox 271 197 289 232; x_wconf 63' lang='grc' dir='ltr'><strong>ξ</strong></span> <span class='ocrx_word' id='word_1_4' title='bbox 306 195 323 225; x_wconf 89' lang='grc'>8</span> <span class='ocrx_word' id='word_1_5' title='bbox 348 198 377 223; x_wconf 83' lang='lat' dir='ltr'>et</span> <span class='ocrx_word' id='word_1_6' title='bbox 400 192 520 222; x_wconf 82' lang='lat' dir='ltr'>Solinus</span> <span class='ocrx_word' id='word_1_7' title='bbox 543 191 561 227; x_wconf 70' lang='grc' dir='ltr'><strong>ξ</strong></span> <span class='ocrx_word' id='word_1_8' title='bbox 579 190 597 219; x_wconf 81' lang='lat'><strong>2</strong></span> <span class='ocrx_word' id='word_1_9' title='bbox 622 193 740 228; x_wconf 81' lang='lat' dir='ltr'>praeter</span> <span class='ocrx_word' id='word_1_10' title='bbox 765 186 864 216; x_wconf 83' lang='lat' dir='ltr'>Iubam</span> <span class='ocrx_word' id='word_1_11' title='bbox 884 184 1013 214; x_wconf 89' lang='lat' dir='ltr'>Punicos</span> <span class='ocrx_word' id='word_1_12' title='bbox 1031 181 1122 212; x_wconf 84' lang='lat' dir='ltr'>libros</span> <span class='ocrx_word' id='word_1_13' title='bbox 1139 180 1239 213; x_wconf 85' lang='lat' dir='ltr'>citant,</span> <span class='ocrx_word' id='word_1_14' title='bbox 1264 187 1337 216; x_wconf 91' lang='lat' dir='ltr'>quo-</span> 
     </span>
     <span class='ocr_line' id='line_1_3' title="bbox 78 229 1339 280; baseline -0.017 -1"><span class='ocrx_word' id='word_1_15' title='bbox 78 258 142 280; x_wconf 91' lang='lat' dir='ltr'>rum</span> <span class='ocrx_word' id='word_1_16' title='bbox 167 257 227 278; x_wconf 88' lang='lat' dir='ltr'>non</span> <span class='ocrx_word' id='word_1_17' title='bbox 253 245 385 276; x_wconf 79' lang='lat' dir='ltr'>meminit</span> <span class='ocrx_word' id='word_1_18' title='bbox 404 242 531 272; x_wconf 80' lang='lat' dir='ltr'>Plinius:</span> <span class='ocrx_word' id='word_1_19' title='bbox 557 242 596 270; x_wconf 88' lang='lat' dir='ltr'>ita</span> <span class='ocrx_word' id='word_1_20' title='bbox 619 240 798 270; x_wconf 81' lang='lat' dir='ltr'><em>controversi</em></span> <span class='ocrx_word' id='word_1_21' title='bbox 817 238 936 276; x_wconf 75' lang='lat' dir='ltr'>spiritus</span> <span class='ocrx_word' id='word_1_22' title='bbox 952 239 1022 264; x_wconf 84' lang='lat' dir='ltr'>sunt</span> <span class='ocrx_word' id='word_1_23' title='bbox 1040 238 1098 262; x_wconf 88' lang='lat' dir='ltr'>tam</span> <span class='ocrx_word' id='word_1_24' title='bbox 1117 231 1193 271; x_wconf 87' lang='lat' dir='ltr'>apud</span> <span class='ocrx_word' id='word_1_25' title='bbox 1212 229 1339 260; x_wconf 87' lang='lat' dir='ltr'>Ammia-</span> 
     </span>
     <span class='ocr_line' id='line_1_4' title="bbox 79 283 1341 336; baseline -0.018 -4"><span class='ocrx_word' id='word_1_26' title='bbox 79 310 150 331; x_wconf 90' lang='lat' dir='ltr'>num</span> <span class='ocrx_word' id='word_1_27' title='bbox 174 301 191 336; x_wconf 58' lang='lat' dir='ltr'>,Q</span> <span class='ocrx_word' id='word_1_28' title='bbox 208 300 225 329; x_wconf 88' lang='lat'><strong>7</strong></span> <span class='ocrx_word' id='word_1_29' title='bbox 252 306 337 336; x_wconf 87' lang='lat' dir='ltr'>quam</span> <span class='ocrx_word' id='word_1_30' title='bbox 363 295 440 335; x_wconf 88' lang='lat' dir='ltr'>apud</span> <span class='ocrx_word' id='word_1_31' title='bbox 465 293 600 323; x_wconf 88' lang='lat' dir='ltr'>Solinum</span> <span class='ocrx_word' id='word_1_32' title='bbox 623 291 641 331; x_wconf 64' lang='grc' dir='ltr'>ξ</span> <span class='ocrx_word' id='word_1_33' title='bbox 664 293 697 322; x_wconf 88' lang='grc'>10</span> <span class='ocrx_word' id='word_1_34' title='bbox 723 300 782 319; x_wconf 90' lang='grc'><strong>11011</strong></span> <span class='ocrx_word' id='word_1_35' title='bbox 808 288 891 327; x_wconf 82' lang='lat' dir='ltr'>petiti</span> <span class='ocrx_word' id='word_1_36' title='bbox 915 296 948 316; x_wconf 86' lang='lat' dir='ltr'>ex</span> <span class='ocrx_word' id='word_1_37' title='bbox 974 285 1078 315; x_wconf 84' lang='lat' dir='ltr'>Plinio.</span> <span class='ocrx_word' id='word_1_38' title='bbox 1116 283 1239 321; x_wconf 80' lang='lat' dir='ltr'>Reliqua</span> <span class='ocrx_word' id='word_1_39' title='bbox 1264 290 1341 319; x_wconf 83' lang='lat' dir='ltr'>quo-</span> 
     </span>
     <span class='ocr_line' id='line_1_5' title="bbox 80 331 1340 391; baseline -0.017 -9"><span class='ocrx_word' id='word_1_40' title='bbox 80 362 137 391; x_wconf 91' lang='lat' dir='ltr'>que</span> <span class='ocrx_word' id='word_1_41' title='bbox 161 350 311 381; x_wconf 84' lang='lat' dir='ltr'>Soliniana</span> <span class='ocrx_word' id='word_1_42' title='bbox 335 352 364 377; x_wconf 85' lang='lat' dir='ltr'>et</span> <span class='ocrx_word' id='word_1_43' title='bbox 380 346 532 376; x_wconf 77' lang='lat' dir='ltr'>Ammiana</span> <span class='ocrx_word' id='word_1_44' title='bbox 557 344 607 383; x_wconf 90' lang='lat' dir='ltr'>qui</span> <span class='ocrx_word' id='word_1_45' title='bbox 631 343 709 372; x_wconf 87' lang='lat' dir='ltr'>inter</span> <span class='ocrx_word' id='word_1_46' title='bbox 732 351 762 371; x_wconf 79' lang='lat' dir='ltr'>se</span> <span class='ocrx_word' id='word_1_47' title='bbox 779 338 966 378; x_wconf 82' lang='lat' dir='ltr'>compararit,</span> <span class='ocrx_word' id='word_1_48' title='bbox 991 336 1113 366; x_wconf 86' lang='lat' dir='ltr'>eandem</span> <span class='ocrx_word' id='word_1_49' title='bbox 1138 331 1340 372; x_wconf 76' lang='lat' dir='ltr'>deprehendet</span> 
     </span>
     <span class='ocr_line' id='line_1_6' title="bbox 81 394 717 433; baseline -0.017 0"><span class='ocrx_word' id='word_1_50' title='bbox 81 403 174 433; x_wconf 84' lang='lat' dir='ltr'>ubivis</span> <span class='ocrx_word' id='word_1_51' title='bbox 197 402 275 431; x_wconf 86' lang='lat' dir='ltr'>inter</span> <span class='ocrx_word' id='word_1_52' title='bbox 298 409 331 429; x_wconf 88' lang='lat' dir='ltr'>ea</span> <span class='ocrx_word' id='word_1_53' title='bbox 354 397 538 428; x_wconf 77' lang='lat' dir='ltr'>intercedere</span> <span class='ocrx_word' id='word_1_54' title='bbox 563 394 717 424; x_wconf 85' lang='lat' dir='ltr'>rationein.</span> 
     </span>
    </p>

    <p class='ocr_par' dir='ltr' id='par_1_3' title="bbox 82 436 1569 2234">
     <span class='ocr_line' id='line_1_7' title="bbox 167 436 1538 488; baseline -0.018 -6"><span class='ocrx_word' id='word_1_55' title='bbox 167 454 265 488; x_wconf 87' lang='lat' dir='ltr'>Quare</span> <span class='ocrx_word' id='word_1_56' title='bbox 295 459 362 480; x_wconf 90' lang='lat' dir='ltr'>cum</span> <span class='ocrx_word' id='word_1_57' title='bbox 387 448 480 478; x_wconf 87' lang='lat' dir='ltr'>Solini</span> <span class='ocrx_word' id='word_1_58' title='bbox 509 447 617 476; x_wconf 92' lang='lat' dir='ltr'>librum</span> <span class='ocrx_word' id='word_1_59' title='bbox 640 445 736 484; x_wconf 87' lang='lat' dir='ltr'>ipsum</span> <span class='ocrx_word' id='word_1_60' title='bbox 760 452 849 482; x_wconf 82' lang='lat' dir='ltr'>supra</span> <span class='ocrx_word' id='word_1_61' title='bbox 873 440 1034 470; x_wconf 83' lang='lat' dir='ltr'>dixerimus</span> <span class='ocrx_word' id='word_1_62' title='bbox 1057 447 1118 466; x_wconf 91' lang='lat' dir='ltr'>non</span> <span class='ocrx_word' id='word_1_63' title='bbox 1144 436 1341 474; x_wconf 84' lang='lat' dir='ltr'>antiquiorem</span> <span class='ocrx_word' id='word_1_64' title='bbox 1354 438 1538 466; x_wconf 79' lang='lat' dir='ltr'>Chorographiam</span> 
     </span>
     <span class='ocr_line' id='line_1_8' title="bbox 82 472 1548 536; baseline -0.018 0"><span class='ocrx_word' id='word_1_65' title='bbox 82 516 145 536; x_wconf 84' lang='lat' dir='ltr'>esse</span> <span class='ocrx_word' id='word_1_66' title='bbox 168 504 284 535; x_wconf 84' lang='lat' dir='ltr'>saeculo</span> <span class='ocrx_word' id='word_1_67' title='bbox 308 502 405 536; x_wconf 84' lang='lat' dir='ltr'>tertio,</span> <span class='ocrx_word' id='word_1_68' title='bbox 430 508 511 529; x_wconf 86' lang='lat' dir='ltr'>nunc</span> <span class='ocrx_word' id='word_1_69' title='bbox 535 496 700 527; x_wconf 87' lang='lat' dir='ltr'>addendum</span> <span class='ocrx_word' id='word_1_70' title='bbox 725 500 768 525; x_wconf 84' lang='lat' dir='ltr'>est</span> <span class='ocrx_word' id='word_1_71' title='bbox 791 494 887 533; x_wconf 86' lang='lat' dir='ltr'>ipsum</span> <span class='ocrx_word' id='word_1_72' title='bbox 913 500 997 530; x_wconf 87' lang='lat' dir='ltr'>opus,</span> <span class='ocrx_word' id='word_1_73' title='bbox 1022 489 1099 528; x_wconf 88' lang='lat' dir='ltr'>quod</span> <span class='ocrx_word' id='word_1_74' title='bbox 1118 488 1146 517; x_wconf 92' lang='lat' dir='ltr'>in</span> <span class='ocrx_word' id='word_1_75' title='bbox 1166 488 1253 516; x_wconf 87' lang='lat' dir='ltr'>breve</span> <span class='ocrx_word' id='word_1_76' title='bbox 1271 495 1343 516; x_wconf 90' lang='lat' dir='ltr'>con-</span> <span class='ocrx_word' id='word_1_77' title='bbox 1354 472 1548 532; x_wconf 48' lang='grc' dir='ltr'>ἓέξὲζέὴζέζ</span> 
     </span>
     <span class='ocr_line' id='line_1_9' title="bbox 83 538 1549 594; baseline -0.018 -8"><span class='ocrx_word' id='word_1_78' title='bbox 83 557 169 587; x_wconf 86' lang='lat' dir='ltr'>traxit</span> <span class='ocrx_word' id='word_1_79' title='bbox 193 554 332 594; x_wconf 89' lang='lat' dir='ltr'>quodque</span> <span class='ocrx_word' id='word_1_80' title='bbox 349 549 593 589; x_wconf 86' lang='lat' dir='ltr'>chorographiam</span> <span class='ocrx_word' id='word_1_81' title='bbox 611 547 777 576; x_wconf 76' lang='lat' dir='ltr'>I’linianam</span> <span class='ocrx_word' id='word_1_82' title='bbox 801 542 1046 582; x_wconf 73' lang='lat' dir='ltr'>nuncupavimus,</span> <span class='ocrx_word' id='word_1_83' title='bbox 1070 541 1126 570; x_wconf 89' lang='lat' dir='ltr'>iam</span> <span class='ocrx_word' id='word_1_84' title='bbox 1143 539 1171 568; x_wconf 92' lang='lat' dir='ltr'>in</span> <span class='ocrx_word' id='word_1_85' title='bbox 1190 538 1344 568; x_wconf 87' lang='lat' dir='ltr'>hominum</span> <span class='ocrx_word' id='word_1_86' title='bbox 1356 544 1419 563; x_wconf 73' lang='lat' dir='ltr'>rante</span> <span class='ocrx_word' id='word_1_87' title='bbox 1438 540 1549 561; x_wconf 79' lang='lat' dir='ltr'>Hadriano</span> 
     </span>
     <span class='ocr_line' id='line_1_10' title="bbox 83 576 1484 638; baseline -0.016 0"><span class='ocrx_word' id='word_1_88' title='bbox 83 607 221 638; x_wconf 85' lang='lat' dir='ltr'>manibus</span> <span class='ocrx_word' id='word_1_89' title='bbox 250 605 339 635; x_wconf 80' lang='lat' dir='ltr'>fuisse</span> <span class='ocrx_word' id='word_1_90' title='bbox 369 606 461 632; x_wconf 85' lang='lat' dir='ltr'>aetate</span> <span class='ocrx_word' id='word_1_91' title='bbox 485 599 686 630; x_wconf 74' lang='lat' dir='ltr'>Antoniniana</span> <span class='ocrx_word' id='word_1_92' title='bbox 710 602 783 627; x_wconf 85' lang='lat' dir='ltr'>teste</span> <span class='ocrx_word' id='word_1_93' title='bbox 808 594 952 634; x_wconf 88' lang='lat' dir='ltr'>Appuleio</span> <span class='ocrx_word' id='word_1_94' title='bbox 977 593 1040 622; x_wconf 84' lang='lat' dir='ltr'>eius</span> <span class='ocrx_word' id='word_1_95' title='bbox 1064 592 1166 621; x_wconf 84' lang='lat' dir='ltr'>aetatis</span> <span class='ocrx_word' id='word_1_96' title='bbox 1189 590 1344 629; x_wconf 81' lang='lat' dir='ltr'>scriptore.</span> <span class='ocrx_word' id='word_1_97' title='bbox 1410 576 1484 596; x_wconf 54' lang='lat' dir='ltr'>mm*</span> 
     </span>
     <span class='ocr_line' id='line_1_11' title="bbox 83 643 1345 698; baseline -0.017 -9"><span class='ocrx_word' id='word_1_98' title='bbox 83 659 193 698; x_wconf 81' lang='lat' dir='ltr'>scripta</span> <span class='ocrx_word' id='word_1_99' title='bbox 217 661 314 687; x_wconf 86' lang='lat' dir='ltr'>autem</span> <span class='ocrx_word' id='word_1_100' title='bbox 338 659 382 684; x_wconf 83' lang='lat' dir='ltr'>est</span> <span class='ocrx_word' id='word_1_101' title='bbox 405 651 618 690; x_wconf 83' lang='lat' dir='ltr'>chorographia</span> <span class='ocrx_word' id='word_1_102' title='bbox 636 660 667 680; x_wconf 88' lang='lat' dir='ltr'>ea</span> <span class='ocrx_word' id='word_1_103' title='bbox 685 659 745 679; x_wconf 90' lang='lat' dir='ltr'>non</span> <span class='ocrx_word' id='word_1_104' title='bbox 764 652 832 678; x_wconf 89' lang='lat' dir='ltr'>ante</span> <span class='ocrx_word' id='word_1_105' title='bbox 850 646 1041 679; x_wconf 75' lang='lat' dir='ltr'>Hadrianum,</span> <span class='ocrx_word' id='word_1_106' title='bbox 1066 651 1132 672; x_wconf 90' lang='lat' dir='ltr'>cum</span> <span class='ocrx_word' id='word_1_107' title='bbox 1150 643 1228 671; x_wconf 86' lang='lat' dir='ltr'>inter</span> <span class='ocrx_word' id='word_1_108' title='bbox 1243 644 1345 670; x_wconf 87' lang='lat' dir='ltr'>ancto-</span> 
     </span>
     <span class='ocr_line' id='line_1_12' title="bbox 84 691 1346 748; baseline -0.016 -8"><span class='ocrx_word' id='word_1_109' title='bbox 84 720 132 740; x_wconf 87' lang='lat' dir='ltr'>res</span> <span class='ocrx_word' id='word_1_110' title='bbox 155 719 231 748; x_wconf 89' lang='lat' dir='ltr'>quos</span> <span class='ocrx_word' id='word_1_111' title='bbox 254 707 353 737; x_wconf 85' lang='lat' dir='ltr'>laudat</span> <span class='ocrx_word' id='word_1_112' title='bbox 375 704 542 735; x_wconf 88' lang='lat' dir='ltr'>inveniatur</span> <span class='ocrx_word' id='word_1_113' title='bbox 566 702 693 732; x_wconf 88' lang='lat' dir='ltr'>Granius</span> <span class='ocrx_word' id='word_1_114' title='bbox 708 699 882 730; x_wconf 82' lang='lat' dir='ltr'>Licinianus</span> <span class='ocrx_word' id='word_1_115' title='bbox 906 697 950 726; x_wconf 81' lang='lat' dir='ltr'>bis</span> <span class='ocrx_word' id='word_1_116' title='bbox 974 696 1079 725; x_wconf 84' lang='lat' dir='ltr'>citatus</span> <span class='ocrx_word' id='word_1_117' title='bbox 1103 694 1224 723; x_wconf 85' lang='lat' dir='ltr'>nomine</span> <span class='ocrx_word' id='word_1_118' title='bbox 1246 691 1346 721; x_wconf 89' lang='lat' dir='ltr'>Granii</span> 
     </span>
     <span class='ocr_line' id='line_1_13' title="bbox 84 743 1554 802; baseline -0.017 -10"><span class='ocrx_word' id='word_1_119' title='bbox 84 773 113 802; x_wconf 88' lang='lat' dir='ltr'>p.</span> <span class='ocrx_word' id='word_1_120' title='bbox 137 763 187 796; x_wconf 84' lang='grc'>41,</span> <span class='ocrx_word' id='word_1_121' title='bbox 213 763 241 796; x_wconf 89' lang='grc'>7,</span> <span class='ocrx_word' id='word_1_122' title='bbox 265 757 410 788; x_wconf 87' lang='lat' dir='ltr'>Liciniani</span> <span class='ocrx_word' id='word_1_123' title='bbox 434 766 462 795; x_wconf 91' lang='lat' dir='ltr'>p.</span> <span class='ocrx_word' id='word_1_124' title='bbox 483 757 533 790; x_wconf 87' lang='grc'>34,</span> <span class='ocrx_word' id='word_1_125' title='bbox 559 755 607 788; x_wconf 89' lang='grc'>14,</span> <span class='ocrx_word' id='word_1_126' title='bbox 632 753 687 782; x_wconf 83' lang='grc'><strong>13111</strong></span> <span class='ocrx_word' id='word_1_127' title='bbox 712 761 747 781; x_wconf 85' lang='lat' dir='ltr'>ex</span> <span class='ocrx_word' id='word_1_128' title='bbox 771 749 893 789; x_wconf 81' lang='lat' dir='ltr'>ignobili</span> <span class='ocrx_word' id='word_1_129' title='bbox 918 747 1083 777; x_wconf 86' lang='lat' dir='ltr'>celebratus</span> <span class='ocrx_word' id='word_1_130' title='bbox 1106 749 1230 784; x_wconf 84' lang='lat' dir='ltr'>propter</span> <span class='ocrx_word' id='word_1_131' title='bbox 1252 743 1343 773; x_wconf 86' lang='lat' dir='ltr'>histo-</span> <span class='ocrx_word' id='word_1_132' title='bbox 1358 749 1390 769; x_wconf 74' lang='lat' dir='ltr'>De</span> <span class='ocrx_word' id='word_1_133' title='bbox 1406 747 1486 769; x_wconf 80' lang='lat' dir='ltr'>Granio</span> <span class='ocrx_word' id='word_1_134' title='bbox 1496 746 1554 767; x_wconf 75' lang='lat' dir='ltr'>Lici-</span> 
     </span>
     <span class='ocr_line' id='line_1_14' title="bbox 86 783 1487 849; baseline -0.016 -5"><span class='ocrx_word' id='word_1_135' title='bbox 86 814 197 844; x_wconf 86' lang='lat' dir='ltr'>riarum</span> <span class='ocrx_word' id='word_1_136' title='bbox 226 810 365 849; x_wconf 79' lang='lat' dir='ltr'>reliquias</span> <span class='ocrx_word' id='word_1_137' title='bbox 395 816 492 847; x_wconf 82' lang='lat' dir='ltr'>nuper</span> <span class='ocrx_word' id='word_1_138' title='bbox 520 805 625 835; x_wconf 86' lang='lat' dir='ltr'>litteris</span> <span class='ocrx_word' id='word_1_139' title='bbox 654 803 814 833; x_wconf 87' lang='lat' dir='ltr'>restitutas.</span> <span class='ocrx_word' id='word_1_140' title='bbox 860 800 945 830; x_wconf 89' lang='lat' dir='ltr'>cuius</span> <span class='ocrx_word' id='word_1_141' title='bbox 971 799 1007 828; x_wconf 88' lang='lat' dir='ltr'>de</span> <span class='ocrx_word' id='word_1_142' title='bbox 1031 802 1125 828; x_wconf 86' lang='lat' dir='ltr'>aetate</span> <span class='ocrx_word' id='word_1_143' title='bbox 1149 795 1348 835; x_wconf 85' lang='lat' dir='ltr'>operibusque</span> <span class='ocrx_word' id='word_1_144' title='bbox 1413 783 1487 803; x_wconf 77' lang='lat' dir='ltr'>niano.</span> 
     </span>
     <span class='ocr_line' id='line_1_15' title="bbox 87 850 1350 904; baseline -0.016 -9"><span class='ocrx_word' id='word_1_145' title='bbox 87 864 219 904; x_wconf 85' lang='lat' dir='ltr'>quaestio</span> <span class='ocrx_word' id='word_1_146' title='bbox 249 861 406 891; x_wconf 85' lang='lat' dir='ltr'>admodum</span> <span class='ocrx_word' id='word_1_147' title='bbox 430 858 569 898; x_wconf 87' lang='lat' dir='ltr'>perplexa</span> <span class='ocrx_word' id='word_1_148' title='bbox 593 865 661 885; x_wconf 90' lang='lat' dir='ltr'>cnm</span> <span class='ocrx_word' id='word_1_149' title='bbox 690 855 747 884; x_wconf 90' lang='lat' dir='ltr'>hoc</span> <span class='ocrx_word' id='word_1_150' title='bbox 777 853 843 882; x_wconf 90' lang='lat' dir='ltr'>loco</span> <span class='ocrx_word' id='word_1_151' title='bbox 877 850 1029 880; x_wconf 84' lang='lat' dir='ltr'>retractari</span> <span class='ocrx_word' id='word_1_152' title='bbox 1062 852 1204 888; x_wconf 78' lang='lat' dir='ltr'>nequeat,</span> <span class='ocrx_word' id='word_1_153' title='bbox 1234 851 1350 876; x_wconf 88' lang='lat' dir='ltr'>tantum</span> 
     </span>
     <span class='ocr_line' id='line_1_16' title="bbox 86 897 1350 952; baseline -0.016 -6"><span class='ocrx_word' id='word_1_154' title='bbox 86 916 216 946; x_wconf 89' lang='lat' dir='ltr'>breviter</span> <span class='ocrx_word' id='word_1_155' title='bbox 238 911 473 952; x_wconf 86' lang='lat' dir='ltr'>significabimus</span> <span class='ocrx_word' id='word_1_156' title='bbox 495 908 680 947; x_wconf 80' lang='lat' dir='ltr'>deprehensa</span> <span class='ocrx_word' id='word_1_157' title='bbox 698 915 761 935; x_wconf 84' lang='lat' dir='ltr'>esse</span> <span class='ocrx_word' id='word_1_158' title='bbox 777 905 807 934; x_wconf 91' lang='lat' dir='ltr'>in</span> <span class='ocrx_word' id='word_1_159' title='bbox 824 903 972 933; x_wconf 90' lang='lat' dir='ltr'>Liciniani</span> <span class='ocrx_word' id='word_1_160' title='bbox 989 901 1123 940; x_wconf 86' lang='lat' dir='ltr'>reliquiis</span> <span class='ocrx_word' id='word_1_161' title='bbox 1139 897 1350 929; x_wconf 88' lang='lat' dir='ltr'>Londiniensi-</span> 
     </span>
     <span class='ocr_line' id='line_1_17' title="bbox 87 949 1351 998; baseline -0.016 0"><span class='ocrx_word' id='word_1_162' title='bbox 87 968 144 998; x_wconf 89' lang='lat' dir='ltr'>hus</span> <span class='ocrx_word' id='word_1_163' title='bbox 167 970 247 996; x_wconf 86' lang='lat' dir='ltr'>certa</span> <span class='ocrx_word' id='word_1_164' title='bbox 270 963 372 994; x_wconf 83' lang='lat' dir='ltr'>aetatis</span> <span class='ocrx_word' id='word_1_165' title='bbox 395 966 445 991; x_wconf 85' lang='lat' dir='ltr'>aut</span> <span class='ocrx_word' id='word_1_166' title='bbox 462 960 627 990; x_wconf 87' lang='lat' dir='ltr'>Hadrianae</span> <span class='ocrx_word' id='word_1_167' title='bbox 650 962 699 987; x_wconf 83' lang='lat' dir='ltr'>aut</span> <span class='ocrx_word' id='word_1_168' title='bbox 716 955 865 986; x_wconf 85' lang='lat' dir='ltr'>Hadriano</span> <span class='ocrx_word' id='word_1_169' title='bbox 890 953 1063 993; x_wconf 81' lang='lat' dir='ltr'>posterioris</span> <span class='ocrx_word' id='word_1_170' title='bbox 1086 951 1202 986; x_wconf 88' lang='lat' dir='ltr'>indicia,</span> <span class='ocrx_word' id='word_1_171' title='bbox 1227 949 1351 979; x_wconf 84' lang='lat' dir='ltr'>maxime</span> 
     </span>
     <span class='ocr_line' id='line_1_18' title="bbox 90 1003 1351 1058; baseline -0.016 -9"><span class='ocrx_word' id='word_1_172' title='bbox 90 1017 236 1058; x_wconf 80' lang='lat' dir='ltr'>Olympiei</span> <span class='ocrx_word' id='word_1_173' title='bbox 266 1015 346 1055; x_wconf 83' lang='lat' dir='ltr'>quod</span> <span class='ocrx_word' id='word_1_174' title='bbox 377 1014 431 1043; x_wconf 86' lang='lat' dir='ltr'>suit</span> <span class='ocrx_word' id='word_1_175' title='bbox 454 1011 578 1041; x_wconf 81' lang='lat' dir='ltr'>Athenis</span> <span class='ocrx_word' id='word_1_176' title='bbox 607 1010 642 1039; x_wconf 90' lang='lat' dir='ltr'>ab</span> <span class='ocrx_word' id='word_1_177' title='bbox 674 1008 822 1038; x_wconf 87' lang='lat' dir='ltr'>Hadriano</span> <span class='ocrx_word' id='word_1_178' title='bbox 853 1004 979 1036; x_wconf 82' lang='lat' dir='ltr'>absoluti</span> <span class='ocrx_word' id='word_1_179' title='bbox 1010 1003 1259 1042; x_wconf 80' lang='lat' dir='ltr'>significationem</span> <span class='ocrx_word' id='word_1_180' title='bbox 1291 1010 1351 1030; x_wconf 92' lang='lat' dir='ltr'>non</span> 
     </span>
     <span class='ocr_line' id='line_1_19' title="bbox 90 1052 1353 1100; baseline -0.016 0"><span class='ocrx_word' id='word_1_181' title='bbox 90 1070 262 1100; x_wconf 84' lang='lat' dir='ltr'>obscuram:</span> <span class='ocrx_word' id='word_1_182' title='bbox 286 1066 357 1095; x_wconf 91' lang='lat' dir='ltr'>mihi</span> <span class='ocrx_word' id='word_1_183' title='bbox 381 1069 479 1094; x_wconf 88' lang='lat' dir='ltr'>autem</span> <span class='ocrx_word' id='word_1_184' title='bbox 503 1068 531 1093; x_wconf 88' lang='lat' dir='ltr'>et</span> <span class='ocrx_word' id='word_1_185' title='bbox 547 1061 672 1092; x_wconf 86' lang='lat' dir='ltr'>Granios</span> <span class='ocrx_word' id='word_1_186' title='bbox 689 1059 877 1090; x_wconf 86' lang='lat' dir='ltr'>Licinianum</span> <span class='ocrx_word' id='word_1_187' title='bbox 901 1062 930 1086; x_wconf 85' lang='lat' dir='ltr'>et</span> <span class='ocrx_word' id='word_1_188' title='bbox 945 1056 1084 1085; x_wconf 84' lang='lat' dir='ltr'>Flaccum</span> <span class='ocrx_word' id='word_1_189' title='bbox 1108 1055 1239 1083; x_wconf 87' lang='lat' dir='ltr'>diversos</span> <span class='ocrx_word' id='word_1_190' title='bbox 1262 1052 1353 1082; x_wconf 82' lang='lat' dir='ltr'>videri</span> 
     </span>
     <span class='ocr_line' id='line_1_20' title="bbox 91 1103 1353 1160; baseline -0.015 -9"><span class='ocrx_word' id='word_1_191' title='bbox 91 1130 188 1160; x_wconf 88' lang='lat' dir='ltr'>neque</span> <span class='ocrx_word' id='word_1_192' title='bbox 212 1117 422 1156; x_wconf 87' lang='lat' dir='ltr'>interpolatum</span> <span class='ocrx_word' id='word_1_193' title='bbox 440 1113 585 1144; x_wconf 90' lang='lat' dir='ltr'>Liciniani</span> <span class='ocrx_word' id='word_1_194' title='bbox 602 1121 677 1151; x_wconf 90' lang='lat' dir='ltr'>opus</span> <span class='ocrx_word' id='word_1_195' title='bbox 693 1111 728 1140; x_wconf 91' lang='lat' dir='ltr'>ab</span> <span class='ocrx_word' id='word_1_196' title='bbox 746 1114 866 1140; x_wconf 87' lang='lat' dir='ltr'>auctore</span> <span class='ocrx_word' id='word_1_197' title='bbox 882 1107 983 1137; x_wconf 82' lang='lat' dir='ltr'>aetatis</span> <span class='ocrx_word' id='word_1_198' title='bbox 1005 1105 1188 1146; x_wconf 60' lang='lat' dir='ltr'>posterioris</span> <span class='ocrx_word' id='word_1_199' title='bbox 1231 1113 1307 1142; x_wconf 88' lang='lat' dir='ltr'>quae</span> <span class='ocrx_word' id='word_1_200' title='bbox 1331 1103 1353 1132; x_wconf 94' lang='lat' dir='ltr'>si</span> 
     </span>
     <span class='ocr_line' id='line_1_21' title="bbox 91 1156 1355 1205; baseline -0.015 -3"><span class='ocrx_word' id='word_1_201' title='bbox 91 1181 159 1202; x_wconf 84' lang='lat' dir='ltr'>vera</span> <span class='ocrx_word' id='word_1_202' title='bbox 182 1175 261 1205; x_wconf 82' lang='lat' dir='ltr'>sunt,</span> <span class='ocrx_word' id='word_1_203' title='bbox 285 1169 353 1198; x_wconf 86' lang='lat' dir='ltr'>inde</span> <span class='ocrx_word' id='word_1_204' title='bbox 377 1167 550 1205; x_wconf 83' lang='lat' dir='ltr'>colligemus</span> <span class='ocrx_word' id='word_1_205' title='bbox 574 1164 737 1194; x_wconf 86' lang='lat' dir='ltr'>Plinianam</span> <span class='ocrx_word' id='word_1_206' title='bbox 762 1160 1020 1199; x_wconf 83' lang='lat' dir='ltr'>chorographiam,</span> <span class='ocrx_word' id='word_1_207' title='bbox 1045 1166 1132 1196; x_wconf 84' lang='lat' dir='ltr'>quam</span> <span class='ocrx_word' id='word_1_208' title='bbox 1158 1156 1186 1185; x_wconf 91' lang='lat' dir='ltr'>in</span> <span class='ocrx_word' id='word_1_209' title='bbox 1212 1164 1355 1194; x_wconf 88' lang='lat' dir='ltr'>compen-</span> 
     </span>
     <span class='ocr_line' id='line_1_22' title="bbox 91 1208 1356 1259; baseline -0.016 -5"><span class='ocrx_word' id='word_1_210' title='bbox 91 1225 172 1255; x_wconf 88' lang='lat' dir='ltr'>dium</span> <span class='ocrx_word' id='word_1_211' title='bbox 210 1221 324 1259; x_wconf 82' lang='lat' dir='ltr'>redegit</span> <span class='ocrx_word' id='word_1_212' title='bbox 357 1219 492 1253; x_wconf 89' lang='lat' dir='ltr'>Solinus,</span> <span class='ocrx_word' id='word_1_213' title='bbox 530 1215 729 1254; x_wconf 84' lang='lat' dir='ltr'>conscriptam</span> <span class='ocrx_word' id='word_1_214' title='bbox 765 1222 828 1242; x_wconf 84' lang='lat' dir='ltr'>esse</span> <span class='ocrx_word' id='word_1_215' title='bbox 862 1210 980 1241; x_wconf 87' lang='lat' dir='ltr'>saeculo</span> <span class='ocrx_word' id='word_1_216' title='bbox 1018 1208 1150 1239; x_wconf 87' lang='lat' dir='ltr'>secundo</span> <span class='ocrx_word' id='word_1_217' title='bbox 1192 1208 1356 1245; x_wconf 85' lang='lat' dir='ltr'>imperante</span> 
     </span>
     <span class='ocr_line' id='line_1_23' title="bbox 94 1257 1356 1305; baseline -0.015 0"><span class='ocrx_word' id='word_1_218' title='bbox 94 1274 242 1305; x_wconf 84' lang='lat' dir='ltr'>Hadriano</span> <span class='ocrx_word' id='word_1_219' title='bbox 273 1276 323 1301; x_wconf 89' lang='lat' dir='ltr'>aut</span> <span class='ocrx_word' id='word_1_220' title='bbox 353 1269 505 1300; x_wconf 89' lang='lat' dir='ltr'>Antonino</span> <span class='ocrx_word' id='word_1_221' title='bbox 537 1267 599 1297; x_wconf 87' lang='lat' dir='ltr'>Pio.</span> <span class='ocrx_word' id='word_1_222' title='bbox 631 1283 671 1288; x_wconf 92' lang='lat'>-—-</span> <span class='ocrx_word' id='word_1_223' title='bbox 700 1266 813 1294; x_wconf 86' lang='lat' dir='ltr'>Auctor</span> <span class='ocrx_word' id='word_1_224' title='bbox 841 1262 908 1292; x_wconf 88' lang='lat' dir='ltr'>libri</span> <span class='ocrx_word' id='word_1_225' title='bbox 939 1271 1027 1301; x_wconf 89' lang='lat' dir='ltr'>quem</span> <span class='ocrx_word' id='word_1_226' title='bbox 1065 1259 1207 1290; x_wconf 87' lang='lat' dir='ltr'>breviavit</span> <span class='ocrx_word' id='word_1_227' title='bbox 1237 1258 1260 1288; x_wconf 88' lang='lat' dir='ltr'>si</span> <span class='ocrx_word' id='word_1_228' title='bbox 1292 1257 1356 1295; x_wconf 89' lang='lat' dir='ltr'>qui-</span> 
     </span>
     <span class='ocr_line' id='line_1_24' title="bbox 94 1309 1357 1357; baseline -0.015 0"><span class='ocrx_word' id='word_1_229' title='bbox 94 1327 159 1357; x_wconf 87' lang='lat' dir='ltr'>dem</span> <span class='ocrx_word' id='word_1_230' title='bbox 184 1324 306 1355; x_wconf 88' lang='lat' dir='ltr'>nomine</span> <span class='ocrx_word' id='word_1_231' title='bbox 335 1321 472 1352; x_wconf 85' lang='lat' dir='ltr'>laudatur</span> <span class='ocrx_word' id='word_1_232' title='bbox 495 1329 510 1349; x_wconf 90' lang='grc'><strong>3</strong></span> <span class='ocrx_word' id='word_1_233' title='bbox 535 1318 653 1353; x_wconf 86' lang='lat' dir='ltr'>Solino,</span> <span class='ocrx_word' id='word_1_234' title='bbox 684 1326 746 1346; x_wconf 90' lang='lat' dir='ltr'>non</span> <span class='ocrx_word' id='word_1_235' title='bbox 777 1319 875 1354; x_wconf 83' lang='lat' dir='ltr'>potest</span> <span class='ocrx_word' id='word_1_236' title='bbox 902 1323 965 1343; x_wconf 87' lang='lat' dir='ltr'>esse</span> <span class='ocrx_word' id='word_1_237' title='bbox 996 1312 1052 1342; x_wconf 85' lang='lat' dir='ltr'>nisi</span> <span class='ocrx_word' id='word_1_238' title='bbox 1083 1312 1146 1351; x_wconf 83' lang='lat' dir='ltr'>ipse</span> <span class='ocrx_word' id='word_1_239' title='bbox 1169 1309 1357 1340; x_wconf 87' lang='lat' dir='ltr'>Licinianus:</span> 
     </span>
     <span class='ocr_line' id='line_1_25' title="bbox 95 1362 1359 1408; baseline -0.015 0"><span class='ocrx_word' id='word_1_240' title='bbox 95 1377 175 1408; x_wconf 89' lang='lat' dir='ltr'>nulla</span> <span class='ocrx_word' id='word_1_241' title='bbox 198 1381 296 1405; x_wconf 82' lang='lat' dir='ltr'>tamen</span> <span class='ocrx_word' id='word_1_242' title='bbox 321 1382 407 1403; x_wconf 89' lang='lat' dir='ltr'>causa</span> <span class='ocrx_word' id='word_1_243' title='bbox 431 1372 499 1407; x_wconf 82' lang='lat' dir='ltr'>fuit,</span> <span class='ocrx_word' id='word_1_244' title='bbox 533 1379 586 1400; x_wconf 89' lang='lat' dir='ltr'>cur</span> <span class='ocrx_word' id='word_1_245' title='bbox 609 1377 719 1398; x_wconf 89' lang='lat' dir='ltr'>nomen</span> <span class='ocrx_word' id='word_1_246' title='bbox 750 1370 887 1406; x_wconf 85' lang='lat' dir='ltr'>poneret.</span> <span class='ocrx_word' id='word_1_247' title='bbox 946 1365 1050 1394; x_wconf 84' lang='lat' dir='ltr'>eodem</span> <span class='ocrx_word' id='word_1_248' title='bbox 1081 1365 1145 1392; x_wconf 87' lang='lat' dir='ltr'>iure</span> <span class='ocrx_word' id='word_1_249' title='bbox 1177 1366 1205 1391; x_wconf 92' lang='lat' dir='ltr'>et</span> <span class='ocrx_word' id='word_1_250' title='bbox 1235 1362 1359 1390; x_wconf 77' lang='lat' dir='ltr'>fortasse</span> 
     </span>
     <span class='ocr_line' id='line_1_26' title="bbox 95 1413 1359 1460; baseline -0.013 -2"><span class='ocrx_word' id='word_1_251' title='bbox 95 1428 217 1458; x_wconf 85' lang='lat' dir='ltr'>meliore</span> <span class='ocrx_word' id='word_1_252' title='bbox 241 1425 371 1456; x_wconf 88' lang='lat' dir='ltr'>conicias</span> <span class='ocrx_word' id='word_1_253' title='bbox 394 1421 639 1460; x_wconf 82' lang='lat' dir='ltr'>chorographiam</span> <span class='ocrx_word' id='word_1_254' title='bbox 663 1419 741 1449; x_wconf 89' lang='lat' dir='ltr'>illam</span> <span class='ocrx_word' id='word_1_255' title='bbox 766 1418 887 1447; x_wconf 85' lang='lat' dir='ltr'>alteram</span> <span class='ocrx_word' id='word_1_256' title='bbox 912 1416 1093 1455; x_wconf 88' lang='lat' dir='ltr'>deperditam</span> <span class='ocrx_word' id='word_1_257' title='bbox 1110 1423 1170 1443; x_wconf 88' lang='lat' dir='ltr'>una</span> <span class='ocrx_word' id='word_1_258' title='bbox 1187 1422 1253 1443; x_wconf 90' lang='lat' dir='ltr'>cum</span> <span class='ocrx_word' id='word_1_259' title='bbox 1271 1413 1359 1442; x_wconf 89' lang='lat' dir='ltr'>Pom-</span> 
     </span>
     <span class='ocr_line' id='line_1_27' title="bbox 96 1464 1360 1520; baseline -0.013 -11"><span class='ocrx_word' id='word_1_260' title='bbox 96 1479 226 1520; x_wconf 89' lang='lat' dir='ltr'>poniana</span> <span class='ocrx_word' id='word_1_261' title='bbox 256 1477 291 1506; x_wconf 91' lang='lat' dir='ltr'>ab</span> <span class='ocrx_word' id='word_1_262' title='bbox 321 1480 442 1506; x_wconf 87' lang='lat' dir='ltr'>auctore</span> <span class='ocrx_word' id='word_1_263' title='bbox 470 1473 558 1503; x_wconf 84' lang='lat' dir='ltr'>huius</span> <span class='ocrx_word' id='word_1_264' title='bbox 587 1471 653 1501; x_wconf 91' lang='lat' dir='ltr'>libri</span> <span class='ocrx_word' id='word_1_265' title='bbox 684 1469 842 1499; x_wconf 87' lang='lat' dir='ltr'>adhibitam</span> <span class='ocrx_word' id='word_1_266' title='bbox 867 1468 901 1497; x_wconf 89' lang='lat' dir='ltr'>ad</span> <span class='ocrx_word' id='word_1_267' title='bbox 926 1467 1054 1497; x_wconf 86' lang='lat' dir='ltr'>Plinium</span> <span class='ocrx_word' id='word_1_268' title='bbox 1078 1465 1247 1504; x_wconf 81' lang='lat' dir='ltr'>augendum</span> <span class='ocrx_word' id='word_1_269' title='bbox 1271 1464 1360 1493; x_wconf 82' lang='lat' dir='ltr'>fnisse</span> 
     </span>
     <span class='ocr_line' id='line_1_28' title="bbox 98 1515 1362 1566; baseline -0.014 -5"><span class='ocrx_word' id='word_1_270' title='bbox 98 1529 260 1564; x_wconf 86' lang='lat' dir='ltr'>Liciniani,</span> <span class='ocrx_word' id='word_1_271' title='bbox 291 1532 394 1566; x_wconf 88' lang='lat' dir='ltr'>utpote</span> <span class='ocrx_word' id='word_1_272' title='bbox 425 1526 476 1564; x_wconf 88' lang='lat' dir='ltr'>qui</span> <span class='ocrx_word' id='word_1_273' title='bbox 509 1525 539 1553; x_wconf 93' lang='lat' dir='ltr'>in</span> <span class='ocrx_word' id='word_1_274' title='bbox 570 1521 702 1560; x_wconf 88' lang='lat' dir='ltr'>reliquiis</span> <span class='ocrx_word' id='word_1_275' title='bbox 733 1521 795 1550; x_wconf 85' lang='lat' dir='ltr'>eius</span> <span class='ocrx_word' id='word_1_276' title='bbox 825 1519 924 1558; x_wconf 89' lang='lat' dir='ltr'>operis</span> <span class='ocrx_word' id='word_1_277' title='bbox 953 1522 1071 1557; x_wconf 86' lang='lat' dir='ltr'>praeter</span> <span class='ocrx_word' id='word_1_278' title='bbox 1094 1517 1257 1546; x_wconf 88' lang='lat' dir='ltr'>Varronem</span> <span class='ocrx_word' id='word_1_279' title='bbox 1281 1515 1362 1545; x_wconf 87' lang='lat' dir='ltr'>solus</span> 
     </span>
     <span class='ocr_line' id='line_1_29' title="bbox 99 1565 1363 1619; baseline -0.014 -7"><span class='ocrx_word' id='word_1_280' title='bbox 99 1583 206 1612; x_wconf 87' lang='lat' dir='ltr'>citetur</span> <span class='ocrx_word' id='word_1_281' title='bbox 229 1581 269 1619; x_wconf 89' lang='lat' dir='ltr'>(p.</span> <span class='ocrx_word' id='word_1_282' title='bbox 285 1579 358 1615; x_wconf 81' lang='lat' dir='ltr'><strong>XV).</strong></span> <span class='ocrx_word' id='word_1_283' title='bbox 396 1577 447 1607; x_wconf 82' lang='lat' dir='ltr'>sed</span> <span class='ocrx_word' id='word_1_284' title='bbox 477 1577 513 1606; x_wconf 88' lang='lat' dir='ltr'>de</span> <span class='ocrx_word' id='word_1_285' title='bbox 543 1584 575 1604; x_wconf 87' lang='lat' dir='ltr'>ea</span> <span class='ocrx_word' id='word_1_286' title='bbox 600 1582 719 1612; x_wconf 83' lang='lat' dir='ltr'>quoque</span> <span class='ocrx_word' id='word_1_287' title='bbox 743 1572 913 1601; x_wconf 88' lang='lat' dir='ltr'>coniectura</span> <span class='ocrx_word' id='word_1_288' title='bbox 937 1569 1096 1599; x_wconf 80' lang='lat' dir='ltr'>(licendum</span> <span class='ocrx_word' id='word_1_289' title='bbox 1121 1568 1175 1597; x_wconf 88' lang='lat' dir='ltr'>erit</span> <span class='ocrx_word' id='word_1_290' title='bbox 1200 1577 1261 1596; x_wconf 88' lang='lat' dir='ltr'>non</span> <span class='ocrx_word' id='word_1_291' title='bbox 1293 1565 1363 1595; x_wconf 87' lang='lat' dir='ltr'>satis</span> 
     </span>
     <span class='ocr_line' id='line_1_30' title="bbox 100 1617 1362 1673; baseline -0.014 -10"><span class='ocrx_word' id='word_1_292' title='bbox 100 1641 252 1673; x_wconf 84' lang='lat' dir='ltr'>apparere,</span> <span class='ocrx_word' id='word_1_293' title='bbox 276 1640 329 1660; x_wconf 86' lang='lat' dir='ltr'>cnr</span> <span class='ocrx_word' id='word_1_294' title='bbox 345 1629 475 1663; x_wconf 83' lang='lat' dir='ltr'>Solinus,</span> <span class='ocrx_word' id='word_1_295' title='bbox 500 1627 550 1666; x_wconf 91' lang='lat' dir='ltr'>qui</span> <span class='ocrx_word' id='word_1_296' title='bbox 574 1635 630 1655; x_wconf 90' lang='lat' dir='ltr'>nec</span> <span class='ocrx_word' id='word_1_297' title='bbox 654 1625 757 1654; x_wconf 83' lang='lat' dir='ltr'>Melam</span> <span class='ocrx_word' id='word_1_298' title='bbox 784 1632 839 1652; x_wconf 88' lang='lat' dir='ltr'>nec</span> <span class='ocrx_word' id='word_1_299' title='bbox 862 1622 959 1661; x_wconf 84' lang='lat' dir='ltr'>ipsum</span> <span class='ocrx_word' id='word_1_300' title='bbox 976 1620 1103 1650; x_wconf 87' lang='lat' dir='ltr'>Plinium</span> <span class='ocrx_word' id='word_1_301' title='bbox 1127 1627 1251 1657; x_wconf 87' lang='lat' dir='ltr'>usquam</span> <span class='ocrx_word' id='word_1_302' title='bbox 1272 1617 1362 1646; x_wconf 89' lang='lat' dir='ltr'>verbo</span> 
     </span>
     <span class='ocr_line' id='line_1_31' title="bbox 100 1669 1363 1719; baseline -0.014 -4"><span class='ocrx_word' id='word_1_303' title='bbox 100 1687 254 1718; x_wconf 85' lang='lat' dir='ltr'>memoret,</span> <span class='ocrx_word' id='word_1_304' title='bbox 277 1681 398 1711; x_wconf 88' lang='lat' dir='ltr'>alterius</span> <span class='ocrx_word' id='word_1_305' title='bbox 417 1679 515 1719; x_wconf 83' lang='lat' dir='ltr'>operis</span> <span class='ocrx_word' id='word_1_306' title='bbox 539 1675 765 1715; x_wconf 82' lang='lat' dir='ltr'>chorographici</span> <span class='ocrx_word' id='word_1_307' title='bbox 789 1678 940 1703; x_wconf 86' lang='lat' dir='ltr'>auctorem</span> <span class='ocrx_word' id='word_1_308' title='bbox 965 1671 1121 1702; x_wconf 82' lang='lat' dir='ltr'>enuntiare</span> <span class='ocrx_word' id='word_1_309' title='bbox 1149 1669 1285 1699; x_wconf 85' lang='lat' dir='ltr'>debuerit</span> <span class='ocrx_word' id='word_1_310' title='bbox 1308 1678 1363 1698; x_wconf 86' lang='lat' dir='ltr'>nec</span> 
     </span>
     <span class='ocr_line' id='line_1_32' title="bbox 102 1720 1364 1770; baseline -0.014 -4"><span class='ocrx_word' id='word_1_311' title='bbox 102 1736 173 1766; x_wconf 89' lang='lat' dir='ltr'>tales</span> <span class='ocrx_word' id='word_1_312' title='bbox 196 1734 342 1768; x_wconf 84' lang='lat' dir='ltr'>rationes,</span> <span class='ocrx_word' id='word_1_313' title='bbox 371 1731 472 1770; x_wconf 86' lang='lat' dir='ltr'>quales</span> <span class='ocrx_word' id='word_1_314' title='bbox 496 1730 531 1759; x_wconf 86' lang='lat' dir='ltr'>de</span> <span class='ocrx_word' id='word_1_315' title='bbox 555 1728 672 1758; x_wconf 89' lang='lat' dir='ltr'>Boccho</span> <span class='ocrx_word' id='word_1_316' title='bbox 697 1736 785 1765; x_wconf 86' lang='lat' dir='ltr'>supra</span> <span class='ocrx_word' id='word_1_317' title='bbox 809 1725 975 1759; x_wconf 84' lang='lat' dir='ltr'>attulimus,</span> <span class='ocrx_word' id='word_1_318' title='bbox 1000 1727 1116 1762; x_wconf 84' lang='lat' dir='ltr'>praesto</span> <span class='ocrx_word' id='word_1_319' title='bbox 1142 1731 1205 1751; x_wconf 74' lang='lat' dir='ltr'>esse</span> <span class='ocrx_word' id='word_1_320' title='bbox 1228 1721 1263 1750; x_wconf 86' lang='lat' dir='ltr'>de</span> <span class='ocrx_word' id='word_1_321' title='bbox 1287 1720 1364 1749; x_wconf 90' lang='lat' dir='ltr'>Lici-</span> 
     </span>
     <span class='ocr_line' id='line_1_33' title="bbox 104 1772 1560 1817; baseline -0.013 0"><span class='ocrx_word' id='word_1_322' title='bbox 104 1787 204 1817; x_wconf 90' lang='lat' dir='ltr'>niano.</span> <span class='ocrx_word' id='word_1_323' title='bbox 228 1802 268 1808; x_wconf 87' lang='lat'>—-</span> <span class='ocrx_word' id='word_1_324' title='bbox 293 1783 351 1813; x_wconf 87' lang='lat' dir='ltr'>Sed</span> <span class='ocrx_word' id='word_1_325' title='bbox 382 1782 532 1811; x_wconf 87' lang='lat' dir='ltr'>mittamus</span> <span class='ocrx_word' id='word_1_326' title='bbox 562 1781 648 1809; x_wconf 86' lang='lat' dir='ltr'>haec:</span> <span class='ocrx_word' id='word_1_327' title='bbox 680 1778 802 1807; x_wconf 88' lang='lat' dir='ltr'>omnino</span> <span class='ocrx_word' id='word_1_328' title='bbox 827 1776 906 1805; x_wconf 90' lang='lat' dir='ltr'>enim</span> <span class='ocrx_word' id='word_1_329' title='bbox 931 1775 1063 1814; x_wconf 89' lang='lat' dir='ltr'>quaestio</span> <span class='ocrx_word' id='word_1_330' title='bbox 1088 1774 1123 1803; x_wconf 87' lang='lat' dir='ltr'>de</span> <span class='ocrx_word' id='word_1_331' title='bbox 1147 1772 1363 1810; x_wconf 84' lang='lat' dir='ltr'>chorographia</span> <span class='ocrx_word' id='word_1_332' title='bbox 1376 1779 1560 1805; x_wconf 58' lang='lat' dir='ltr'>enorographiam</span> 
     </span>
     <span class='ocr_line' id='line_1_34' title="bbox 104 1813 1569 1873; baseline -0.015 -4"><span class='ocrx_word' id='word_1_333' title='bbox 104 1839 151 1869; x_wconf 88' lang='lat' dir='ltr'>illa</span> <span class='ocrx_word' id='word_1_334' title='bbox 167 1837 301 1867; x_wconf 88' lang='lat' dir='ltr'>Pliniana</span> <span class='ocrx_word' id='word_1_335' title='bbox 323 1835 411 1865; x_wconf 86' lang='grc'><strong>11111115</strong></span> <span class='ocrx_word' id='word_1_336' title='bbox 435 1837 553 1862; x_wconf 84' lang='lat' dir='ltr'>nostrae</span> <span class='ocrx_word' id='word_1_337' title='bbox 577 1831 690 1870; x_wconf 86' lang='lat' dir='ltr'>opellae</span> <span class='ocrx_word' id='word_1_338' title='bbox 714 1828 858 1858; x_wconf 85' lang='lat' dir='ltr'>terminos</span> <span class='ocrx_word' id='word_1_339' title='bbox 882 1826 1005 1857; x_wconf 82' lang='lat' dir='ltr'>excedit.</span> <span class='ocrx_word' id='word_1_340' title='bbox 1041 1835 1107 1854; x_wconf 87' lang='grc'><strong>113111</strong></span> <span class='ocrx_word' id='word_1_341' title='bbox 1132 1825 1158 1854; x_wconf 88' lang='lat' dir='ltr'>ei</span> <span class='ocrx_word' id='word_1_342' title='bbox 1182 1829 1215 1854; x_wconf 89' lang='lat' dir='ltr'>ut</span> <span class='ocrx_word' id='word_1_343' title='bbox 1230 1813 1569 1873; x_wconf 34' lang='lat' dir='ltr'>satisfiatffl&#39;ssffxiassrzngteffl·</span> 
     </span>
     <span class='ocr_line' id='line_1_35' title="bbox 105 1875 1536 1924; baseline -0.012 -5"><span class='ocrx_word' id='word_1_344' title='bbox 105 1894 173 1919; x_wconf 89' lang='lat' dir='ltr'>ante</span> <span class='ocrx_word' id='word_1_345' title='bbox 197 1887 296 1918; x_wconf 88' lang='lat' dir='ltr'>omnia</span> <span class='ocrx_word' id='word_1_346' title='bbox 319 1886 477 1924; x_wconf 83' lang='lat' dir='ltr'>diligenter</span> <span class='ocrx_word' id='word_1_347' title='bbox 500 1881 801 1921; x_wconf 84' lang='lat' dir='ltr'>circuinspiciendum</span> <span class='ocrx_word' id='word_1_348' title='bbox 825 1879 889 1914; x_wconf 89' lang='lat' dir='ltr'>erit,</span> <span class='ocrx_word' id='word_1_349' title='bbox 914 1878 983 1916; x_wconf 91' lang='lat' dir='ltr'>quid</span> <span class='ocrx_word' id='word_1_350' title='bbox 1008 1887 1043 1907; x_wconf 81' lang='lat' dir='ltr'>ex</span> <span class='ocrx_word' id='word_1_351' title='bbox 1066 1877 1115 1906; x_wconf 92' lang='lat' dir='ltr'>illo</span> <span class='ocrx_word' id='word_1_352' title='bbox 1133 1885 1223 1915; x_wconf 87' lang='lat' dir='ltr'>opere</span> <span class='ocrx_word' id='word_1_353' title='bbox 1241 1875 1364 1904; x_wconf 86' lang='lat' dir='ltr'>multum</span> <span class='ocrx_word' id='word_1_354' title='bbox 1404 1882 1536 1907; x_wconf 75' lang='lat' dir='ltr'>usurparint.</span> 
     </span>
     <span class='ocr_line' id='line_1_36' title="bbox 108 1927 1368 1971; baseline -0.013 -1"><span class='ocrx_word' id='word_1_355' title='bbox 108 1950 179 1971; x_wconf 88' lang='lat' dir='ltr'>sane</span> <span class='ocrx_word' id='word_1_356' title='bbox 202 1939 331 1969; x_wconf 84' lang='lat' dir='ltr'>lectitato</span> <span class='ocrx_word' id='word_1_357' title='bbox 357 1946 371 1966; x_wconf 88' lang='lat' dir='ltr'>a</span> <span class='ocrx_word' id='word_1_358' title='bbox 394 1935 511 1966; x_wconf 84' lang='lat' dir='ltr'>saeculo</span> <span class='ocrx_word' id='word_1_359' title='bbox 535 1934 604 1963; x_wconf 89' lang='lat' dir='ltr'>inde</span> <span class='ocrx_word' id='word_1_360' title='bbox 627 1931 759 1963; x_wconf 86' lang='lat' dir='ltr'>secundo</span> <span class='ocrx_word' id='word_1_361' title='bbox 783 1935 903 1970; x_wconf 79' lang='lat' dir='ltr'>praeter</span> <span class='ocrx_word' id='word_1_362' title='bbox 920 1929 1056 1958; x_wconf 86' lang='lat' dir='ltr'>Solinum</span> <span class='ocrx_word' id='word_1_363' title='bbox 1081 1927 1128 1957; x_wconf 87' lang='lat' dir='ltr'>alii</span> <span class='ocrx_word' id='word_1_364' title='bbox 1152 1931 1288 1956; x_wconf 85' lang='lat' dir='ltr'>auctores</span> <span class='ocrx_word' id='word_1_365' title='bbox 1305 1935 1368 1955; x_wconf 79' lang='lat' dir='ltr'>ser-</span> 
     </span>
     <span class='ocr_line' id='line_1_37' title="bbox 105 1977 1369 2027; baseline -0.013 -6"><span class='ocrx_word' id='word_1_366' title='bbox 105 1992 215 2021; x_wconf 83' lang='lat' dir='ltr'>varint:</span> <span class='ocrx_word' id='word_1_367' title='bbox 255 1999 309 2018; x_wconf 87' lang='lat' dir='ltr'>nec</span> <span class='ocrx_word' id='word_1_368' title='bbox 346 1987 478 2027; x_wconf 83' lang='lat' dir='ltr'>quaestio</span> <span class='ocrx_word' id='word_1_369' title='bbox 515 1995 547 2015; x_wconf 82' lang='lat' dir='ltr'>ea</span> <span class='ocrx_word' id='word_1_370' title='bbox 584 1982 749 2014; x_wconf 82' lang='lat' dir='ltr'>cohibenda</span> <span class='ocrx_word' id='word_1_371' title='bbox 780 1982 836 2011; x_wconf 89' lang='lat' dir='ltr'>erit</span> <span class='ocrx_word' id='word_1_372' title='bbox 871 1981 948 2010; x_wconf 85' lang='lat' dir='ltr'>intra</span> <span class='ocrx_word' id='word_1_373' title='bbox 978 1979 1155 2018; x_wconf 85' lang='lat' dir='ltr'>Appuleium</span> <span class='ocrx_word' id='word_1_374' title='bbox 1186 1984 1214 2008; x_wconf 85' lang='lat' dir='ltr'>et</span> <span class='ocrx_word' id='word_1_375' title='bbox 1243 1977 1369 2007; x_wconf 85' lang='lat' dir='ltr'>Ammia-</span> 
     </span>
     <span class='ocr_line' id='line_1_38' title="bbox 109 2029 1370 2080; baseline -0.012 -8"><span class='ocrx_word' id='word_1_376' title='bbox 109 2052 190 2073; x_wconf 85' lang='lat' dir='ltr'>num.</span> <span class='ocrx_word' id='word_1_377' title='bbox 228 2039 457 2080; x_wconf 86' lang='lat' dir='ltr'>disputationem</span> <span class='ocrx_word' id='word_1_378' title='bbox 481 2037 517 2066; x_wconf 89' lang='lat' dir='ltr'>de</span> <span class='ocrx_word' id='word_1_379' title='bbox 539 2046 618 2066; x_wconf 90' lang='lat' dir='ltr'>anno</span> <span class='ocrx_word' id='word_1_380' title='bbox 643 2036 788 2069; x_wconf 81' lang='lat' dir='ltr'>Romano,</span> <span class='ocrx_word' id='word_1_381' title='bbox 811 2032 905 2071; x_wconf 87' lang='lat' dir='ltr'>qualis</span> <span class='ocrx_word' id='word_1_382' title='bbox 928 2031 1037 2069; x_wconf 81' lang='lat' dir='ltr'>legitur</span> <span class='ocrx_word' id='word_1_383' title='bbox 1061 2036 1118 2059; x_wconf 81' lang='lat' dir='ltr'>tani</span> <span class='ocrx_word' id='word_1_384' title='bbox 1142 2030 1218 2068; x_wconf 88' lang='lat' dir='ltr'>apud</span> <span class='ocrx_word' id='word_1_385' title='bbox 1237 2029 1370 2058; x_wconf 81' lang='lat' dir='ltr'>Solinuin</span> 
     </span>
     <span class='ocr_line' id='line_1_39' title="bbox 107 2079 1369 2133; baseline -0.013 -10"><span class='ocrx_word' id='word_1_386' title='bbox 107 2103 197 2133; x_wconf 87' lang='lat' dir='ltr'>quam</span> <span class='ocrx_word' id='word_1_387' title='bbox 226 2092 303 2131; x_wconf 90' lang='lat' dir='ltr'>apud</span> <span class='ocrx_word' id='word_1_388' title='bbox 334 2089 531 2120; x_wconf 87' lang='lat' dir='ltr'>Censorinum</span> <span class='ocrx_word' id='word_1_389' title='bbox 562 2088 591 2117; x_wconf 95' lang='lat' dir='ltr'>in</span> <span class='ocrx_word' id='word_1_390' title='bbox 622 2086 698 2116; x_wconf 90' lang='lat' dir='ltr'>libro</span> <span class='ocrx_word' id='word_1_391' title='bbox 728 2085 806 2114; x_wconf 92' lang='lat' dir='ltr'>edito</span> <span class='ocrx_word' id='word_1_392' title='bbox 837 2094 861 2113; x_wconf 88' lang='lat' dir='ltr'>a.</span> <span class='ocrx_word' id='word_1_393' title='bbox 890 2093 919 2122; x_wconf 89' lang='lat' dir='ltr'>p.</span> <span class='ocrx_word' id='word_1_394' title='bbox 944 2083 1011 2112; x_wconf 87' lang='lat' dir='ltr'>Chr.</span> <span class='ocrx_word' id='word_1_395' title='bbox 1037 2082 1098 2113; x_wconf 81' lang='lat'>238</span> <span class='ocrx_word' id='word_1_396' title='bbox 1129 2086 1158 2110; x_wconf 89' lang='lat' dir='ltr'>et</span> <span class='ocrx_word' id='word_1_397' title='bbox 1188 2079 1369 2109; x_wconf 80' lang='lat' dir='ltr'>Macrobiuni</span> 
     </span>
     <span class='ocr_line' id='line_1_40' title="bbox 110 2131 1367 2183; baseline -0.014 -9"><span class='ocrx_word' id='word_1_398' title='bbox 110 2144 287 2183; x_wconf 83' lang='lat' dir='ltr'>scriptorem</span> <span class='ocrx_word' id='word_1_399' title='bbox 317 2141 425 2172; x_wconf 89' lang='lat' dir='ltr'>saeculi</span> <span class='ocrx_word' id='word_1_400' title='bbox 456 2140 567 2178; x_wconf 83' lang='lat' dir='ltr'>quinti,</span> <span class='ocrx_word' id='word_1_401' title='bbox 597 2142 665 2178; x_wconf 89' lang='lat' dir='ltr'>post</span> <span class='ocrx_word' id='word_1_402' title='bbox 691 2136 763 2166; x_wconf 88' lang='grc'><strong>31105</strong></span> <span class='ocrx_word' id='word_1_403' title='bbox 787 2145 841 2174; x_wconf 79' lang='lat' dir='ltr'>ego</span> <span class='ocrx_word' id='word_1_404' title='bbox 865 2134 952 2164; x_wconf 81' lang='lat' dir='ltr'>docui</span> <span class='ocrx_word' id='word_1_405' title='bbox 977 2134 1018 2171; x_wconf 86' lang='lat' dir='ltr'>(in</span> <span class='ocrx_word' id='word_1_406' title='bbox 1043 2132 1178 2162; x_wconf 80' lang='lat' dir='ltr'>chronol.</span> <span class='ocrx_word' id='word_1_407' title='bbox 1203 2141 1231 2170; x_wconf 90' lang='lat' dir='ltr'>p.</span> <span class='ocrx_word' id='word_1_408' title='bbox 1259 2132 1308 2165; x_wconf 78' lang='lat'>19)</span> <span class='ocrx_word' id='word_1_409' title='bbox 1332 2131 1367 2159; x_wconf 73' lang='lat' dir='ltr'>ita</span> 
     </span>
     <span class='ocr_line' id='line_1_41' title="bbox 111 2183 1369 2234; baseline -0.012 -9"><span class='ocrx_word' id='word_1_410' title='bbox 111 2199 308 2234; x_wconf 85' lang='lat' dir='ltr'>comparatam</span> <span class='ocrx_word' id='word_1_411' title='bbox 333 2203 406 2227; x_wconf 79' lang='lat' dir='ltr'>esse,</span> <span class='ocrx_word' id='word_1_412' title='bbox 430 2196 462 2221; x_wconf 89' lang='lat' dir='ltr'>ut</span> <span class='ocrx_word' id='word_1_413' title='bbox 487 2197 545 2221; x_wconf 84' lang='lat' dir='ltr'>tres</span> <span class='ocrx_word' id='word_1_414' title='bbox 569 2199 644 2228; x_wconf 88' lang='grc'><strong>(11105</strong></span> <span class='ocrx_word' id='word_1_415' title='bbox 666 2188 810 2218; x_wconf 89' lang='lat' dir='ltr'>habemus</span> <span class='ocrx_word' id='word_1_416' title='bbox 827 2190 1013 2216; x_wconf 85' lang='lat' dir='ltr'>enarratores</span> <span class='ocrx_word' id='word_1_417' title='bbox 1030 2185 1178 2223; x_wconf 79' lang='lat' dir='ltr'>pendeant</span> <span class='ocrx_word' id='word_1_418' title='bbox 1195 2183 1230 2212; x_wconf 89' lang='lat' dir='ltr'>ab</span> <span class='ocrx_word' id='word_1_419' title='bbox 1249 2187 1369 2212; x_wconf 80' lang='lat' dir='ltr'>auctore</span> 
     </span>
    </p>
   </div>
  </div>
 </body>
</html>
