1593 2409
657 92 721 118 XIX

176 181 335 209 PLINIVS:
571 176 792 205 APPVLEIVS:
1034 171 1202 199 SOLINVS:

61 244 142 271 latior
159 242 202 269 his
221 244 262 269 est
278 242 378 274 lingua.
476 239 506 271 ¹⁰)
520 239 615 274 linqua
629 238 710 264 lacior
723 244 805 271 quam
819 238 885 262 cete·
914 234 933 266 9)
963 233 1059 267 linqua
1094 232 1152 258 lata
1186 230 1325 263 multoque

473 282 512 308 ris
522 281 617 308 avibus
622 291 633 312 ‚·
645 288 676 307 eo
687 279 794 306 facilius
806 278 885 306 verba
912 277 996 303 latior
1015 283 1096 309 quam
1111 273 1207 300 celeris
1219 273 1326 300 avibus:

472 324 610 351 hominum
629 322 788 350 articulant.
911 319 984 345 unde
1014 317 1168 351 perficitur,
1199 317 1230 342 ut
1259 315 1326 341 arti-

912 361 1005 387 culata
1030 359 1111 386 verba
1136 358 1243 392 penitus
1272 357 1327 384 elo-

912 406 1019 437 quatur.

63 484 226 525 Appuleius
249 488 277 513 et
301 482 421 512 Solinus
443 490 511 510 cum
534 478 684 519 pendeant
711 481 837 515 uterque
862 485 897 505 ex
920 473 983 504 solo
1007 472 1119 507 Plinio,
1151 470 1225 501 mire
1247 470 1327 499 inter

64 547 95 567 se
134 535 326 566 consentiunt
365 543 425 563 non
464 532 558 561 solum
595 531 625 560 in
661 527 879 559 locutionibus,
922 535 996 565 quae
1025 524 1135 555 absunt
1171 533 1186 552 a
1221 521 1326 556 Plinio,

65 593 94 618 et
116 588 146 617 in
170 586 393 616 enuntiatorum
417 582 522 613 ordine
545 582 659 611 diverso
687 589 702 609 a
726 579 879 613 Pliniano,
911 578 962 607 sed
986 577 1072 606 etiam
1098 584 1173 614 quae
1197 575 1231 603 de
1255 573 1328 612 picis

65 639 179 669 Plinius
201 637 304 668 scribit
333 635 397 675 pari
426 643 528 664 errore
552 634 688 663 referunt
717 632 752 660 ad
776 640 826 660 eos
857 630 893 659 de
916 628 1025 668 quibus
1055 626 1189 666 proxime
1214 624 1328 654 Plinius

65 690 124 729 egit
146 689 297 729 psittacos,
321 692 353 717 ut
375 691 425 716 aut
448 686 522 715 alter
545 685 671 714 alterum
695 682 830 722 expilarit
853 690 976 710 necesse
1003 680 1041 710 sit
1063 682 1114 708 aut
1136 676 1222 707 ambo
1247 684 1328 705 00111-

65 750 186 771 munem
208 743 359 769 auctorem
383 738 433 777 qui
450 747 531 767 nunc
548 746 609 766 non
626 739 713 765 extat.
751 734 807 763 iam
831 741 901 762 vero
919 731 1081 771 Appuleius
1100 733 1204 758 auctor
1227 726 1329 756 aetatis

65 792 285 823 Antoninianae
309 789 469 829 quominus
499 788 627 827 pendeat
657 796 671 815 a
697 785 819 821 Selino,
849 783 971 823 impedit
1001 791 1068 811 cum
1093 778 1237 810 Soliniani
1261 777 1329 807 libri

66 844 202 875 universa
240 842 354 872 indoles
390 849 548 878 sermoque
588 848 603 867 a
633 838 766 868 secundo
798 835 916 866 saeculo
950 833 1072 863 nimium
1103 835 1246 870 quantum
1278 828 1329 858 al)-

66 896 207 931 horrens,
237 898 299 923 tum
325 892 402 931 quod
427 891 544 931 plenior
573 894 617 919 est
639 889 769 919 narratio
793 886 977 927 Appuleiana
1007 893 1095 923 quam
1118 882 1284 915 Soliniana,
1314 889 1328 908 a

67 957 124 986 qua
146 946 230 976 abest
253 948 342 984 caput
364 943 583 982 Appuleianum
607 940 687 979 quod
711 948 799 978 supra
824 938 948 968 fecimus
972 941 1116 966 octavum.
1155 938 1258 963 contra
1276 932 1329 961 So-

67 999 161 1028 linum
184 998 257 1027 haec
279 995 435 1026 adscivisse
458 1003 493 1024 ex
509 992 655 1032 Appuleio
680 991 798 1020 censuit
814 988 973 1019 Salmasius
997 989 1036 1026 (p.
1055 987 1130 1022 713)
1153 994 1213 1014 non
1239 983 1330 1021 magis

68 1049 275 1089 probabiliter:
309 1056 376 1077 nam
400 1055 468 1076 cum
497 1053 551 1083 per
574 1047 668 1072 totum
699 1041 808 1071 librum
834 1040 953 1069 Solinus
977 1038 1073 1068 Plinio
1101 1046 1132 1066 se
1156 1034 1331 1074 manciparit

69 1105 206 1138 totusque
235 1099 273 1129 sit
300 1099 329 1128 in
361 1107 395 1127 eo
426 1097 465 1127 ita
493 1094 698 1134 amplificando
734 1098 761 1122 et
792 1093 831 1122 ita
860 1089 1081 1130 perturbando,
1117 1093 1150 1117 ut
1178 1091 1266 1125 caput
1296 1086 1331 1115 de

69 1151 201 1192 psittacis
224 1151 357 1191 picisque
381 1147 590 1187 amplificatum
615 1150 643 1175 et
666 1144 872 1184 perturbatum
897 1151 959 1171 esse
984 1141 1072 1169 modo
1089 1139 1224 1173 vidimus,
1249 1137 1332 1167 deni-

70 1214 128 1243 que
152 1203 234 1232 locus
258 1202 294 1231 de
318 1201 443 1240 psittaco
468 1202 546 1228 extet
569 1198 645 1236 apud
676 1205 743 1225 eum
768 1195 846 1224 inter
869 1193 952 1223 solita
985 1195 1122 1229 excerpta
1148 1189 1282 1219 Pliniana
1306 1193 1334 1216 et

71 1256 100 1285 in
126 1264 158 1284 ea
182 1253 301 1292 quidem
325 1251 424 1291 operis
447 1254 540 1289 parte,
565 1258 639 1288 quae
664 1247 796 1277 Pliniana
820 1250 880 1275 tota
901 1249 954 1279 est,
979 1244 1059 1273 hunc
1083 1242 1118 1271 de
1142 1241 1266 1280 psittaco
1290 1239 1334 1268 lo-

71 1315 138 1336 cum
162 1305 297 1335 Solinum
326 1304 451 1343 petitum
474 1302 559 1331 ivisse
590 1299 625 1329 ab
650 1298 812 1337 Appuleio,
843 1305 932 1335 quem
962 1298 1112 1334 praeterea
1142 1292 1239 1330 attigit
1262 1300 1333 1320 nus-

72 1367 175 1397 quam,
206 1365 308 1386 nonne
331 1354 534 1394 prodigiosum
564 1356 607 1382 est
636 1350 681 1380 vel
705 1349 803 1388 potius
833 1345 990 1386 ineptum?
1040 1344 1186 1374 accedunt
1214 1342 1334 1381 vestigia

72 1409 170 1449 paullo
188 1407 370 1442 obscuriora,
395 1406 444 1436 sed
462 1414 523 1435 non
541 1403 639 1433 miuus
656 1405 744 1434 certa.
768 1400 894 1429 maxime
918 1399 947 1427 in
964 1396 1110 1436 capitibus
1127 1404 1202 1434 quae
1220 1404 1274 1423 nos
1291 1394 1333 1422 fe-

72 1461 166 1491 cimus
183 1459 275 1489 Solini
299 1459 428 1497 primum
452 1462 481 1486 et
496 1460 644 1494 quartum,
668 1452 852 1482 locutionum
870 1449 1070 1479 Plinianarum
1094 1447 1133 1476 ibi
1151 1449 1333 1476 retentarum

73 1521 88 1541 a
121 1511 240 1546 Solino,
270 1510 321 1539 ubi
351 1519 400 1538 eas
432 1506 551 1537 mutavit
582 1503 754 1544 Appuleius.
804 1510 895 1540 quare
925 1509 993 1530 011111
1023 1500 1127 1528 harum
1158 1497 1333 1536 opinionum

74 1567 179 1593 neutra
206 1561 326 1600 probari
356 1559 464 1599 possit,
500 1567 560 1587 non
593 1559 683 1585 restat
713 1553 768 1583 nisi
798 1553 884 1582 tertia
914 1551 1045 1590 pendere
1074 1554 1133 1578 tam
1158 1547 1334 1587 Appuleium

74 1624 162 1654 quam
187 1613 321 1643 Solinum
344 1611 381 1640 ab
404 1614 525 1640 auctore
548 1607 636 1637 hodie
663 1605 816 1644 deperdito
841 1603 927 1632 Plinii
952 1608 980 1632 et
1004 1601 1197 1640 epitomatore
1222 1603 1251 1628 et
1274 1607 1335 1627 am-

75 1667 248 1706 plificatore.

161 1724 241 1754 ldem
264 1723 352 1762 plane
377 1721 491 1751 obtinet
514 1720 550 1749 de
577 1717 732 1748 Ammiano
756 1715 901 1754 scriptore
924 1712 1033 1742 saeculi
1064 1710 1160 1749 quarti
1190 1708 1334 1740 exeuntis,

77 1786 164 1816 quem
187 1776 275 1805 hodie
297 1774 395 1804 solent
417 1780 573 1802 recensere
598 1770 675 1799 inter
692 1767 786 1798 Soliui
811 1765 987 1804 expilatores
1011 1771 1115 1802 parum
1140 1760 1335 1791 considerate.

76 1838 143 1859 vera
172 1827 246 1857 ratio
275 1831 308 1856 ut
336 1824 547 1865 perspiciatur,
578 1820 758 1851 subiecimus
786 1818 886 1847 locum
910 1815 1055 1845 Ammiani
1087 1815 1142 1849 31,
1165 1814 1194 1848 2,
1222 1813 1269 1842 14.
1297 1812 1333 1840 15

77 1888 212 1919 quaeque
236 1878 262 1907 ei
285 1876 468 1916 respondent
495 1883 562 1903 cum
585 1872 662 1912 apud
687 1870 822 1900 Solinum
846 1878 875 1907 p.
893 1868 948 1902 82,
969 1868 1003 1898 11
1020 1876 1063 1904 sq.
1088 1870 1150 1894 tum
1174 1863 1250 1902 apud
1276 1861 1336 1890 Me-

76 1931 133 1961 lam
158 1929 355 1968 Pliniumque.
400 1927 458 1966 agit
485 1925 657 1955 Ammianus
686 1923 721 1952 de
745 1920 851 1950 Neuris
874 1918 998 1948 Budinis
1023 1916 1144 1946 Gelonis
1167 1912 1338 1952 Agatliyrsis

78 1981 307 2012 Melanchlaenis
331 1976 591 2017 Anthropophagis
620 1982 787 2012 magnoque
818 1975 885 2010 post
913 1970 968 1999 hos
991 1969 1123 1999 deserto:
1156 1966 1232 1995 idem
1265 1964 1336 1993 ordo

79 2037 123 2064 est
149 2032 225 2073 apud
253 2032 404 2066 Solinum,
440 2028 495 2059 nisi
526 2027 603 2066 quod
636 2025 744 2055 omittit.
780 2023 828 2052 hic
858 2022 991 2051 Budinos
1027 2025 1055 2049 et
1085 2016 1337 2047 Melanchlaenas:

80 2085 167 2115 iidem
191 2084 319 2122 denique
343 2081 445 2121 populi
469 2079 663 2109 nominantur
686 2076 732 2105 alii
757 2075 833 2114 apud
855 2073 981 2102 Plinium
1006 2070 1070 2111 (qui
1096 2070 1181 2098 etiam
1206 2065 1337 2095 Budino-

80 2146 146 2166 rum
170 2134 304 2165 meminit
321 2134 350 2170 6,
368 2133 419 2170 88)
443 2131 490 2161 alii
513 2130 590 2170 apud
608 2129 711 2159 Melam
735 2126 824 2165 (apud
848 2133 935 2163 quem
959 2122 1070 2152 mentio
1095 2121 1128 2149 sit
1143 2116 1338 2147 Melanchlae-

84 2195 186 2217 narum
210 2187 240 2222 2,
259 2187 284 2222 1,
305 2187 363 2222 14),
387 2184 437 2214 sed
461 2182 566 2212 ordine
589 2181 715 2210 diverso.

1096 2221 1133 2246 b*

1357 1716 1390 1736 Ex
1405 1716 1521 1742 chorogra-

1356 1751 1407 1777 phia
1421 1751 1523 1771 Pliniana

1357 1788 1460 1811 excerpta
1470 1785 1527 1811 apud

1364 1820 1509 1841 Ammianum.
