1593 2409
786 63 849 88 XIV

197 151 284 185 Cato,
308 150 450 185 Hemina,
474 150 599 185 Gellius,
623 150 756 179 Lutatius
787 150 834 186 (cf.
859 149 889 178 C.
914 149 935 178 l.
959 148 991 177 L.
1017 150 1029 178 1
1056 158 1084 187 p.
1105 149 1134 180 1²
1155 158 1184 188 p.
1202 150 1262 180 313
1291 148 1327 178 ad
1356 149 1444 178 fastos

197 201 345 230 praenest.
363 201 445 230 Mart.
461 202 522 237 23),
546 201 615 230 item
633 201 814 230 recentiores
831 199 921 228 Varro
940 199 1041 229 Cicero
1058 199 1233 229 Tarruntius
1257 201 1292 237 (v.
1310 199 1444 229 chronol.

196 261 290 281 meam
314 262 341 290 p.
361 252 433 288 146)
463 252 575 281 Atticus
599 253 711 292 Nepos:
743 261 798 280 nec
827 251 982 289 quisquam
1012 250 1147 279 laudatur
1177 259 1263 288 quem
1293 254 1360 289 post
1388 250 1444 279 Ne-

194 307 293 341 potem
318 302 419 332 vixisse
444 309 569 334 constet.
618 312 745 343 quocum
777 302 885 341 optime
915 301 1053 330 convenit
1083 310 1143 330 non
1173 301 1267 330 solum
1297 300 1375 338 quod
1398 309 1446 329 res

196 363 271 392 quae
295 354 462 385 afferuntur
486 355 671 387 descendunt
700 357 760 385 sere
785 355 820 383 ad
843 353 1022 391 Augustum⁷
1052 352 1100 381 sed
1132 351 1256 381 maxime
1279 352 1357 390 quod
1380 351 1445 380 loco

0 412 97 433 Thronica
122 413 179 433 Soli·
196 405 305 443 insigni
330 414 356 443 p.
375 406 408 438 8,
426 403 444 432 6
476 402 599 430 traditur
628 410 706 430 anno
731 410 758 429 11.
783 407 808 426 C·
832 403 995 433 secundum
1021 402 1159 432 Catonem
1191 403 1268 438 801,
1298 402 1325 431 id
1349 406 1394 431 est
1415 411 1444 440 p.

0 447 182 501 ἒξζῒξῗζέἑῗο
195 456 261 485 Chr.
278 457 328 491 49,
353 454 423 485 actis
446 453 571 493 publicis
587 452 752 481 adnotatam
777 462 840 484 esse
864 454 1057 493 olympiadem
1079 453 1184 483 CCVII.
1223 462 1310 491 quem
1334 461 1445 482 annum

195 507 379 545 potissimum
405 515 458 535 cur
481 504 726 542 chronographus
750 506 882 543 posuerit
903 505 982 534 nulla
1006 514 1092 534 causa
1116 509 1246 543 apparet,
1270 513 1336 533 cum
1360 511 1445 541 prae-

195 558 295 587 sertim
318 557 378 586 ludi
402 556 565 586 saeculares
590 555 728 584 celebrati
752 561 850 586 essent
872 556 993 585 biennio
1017 561 1085 585 ante
1108 565 1137 593 p.
1156 555 1221 584 Chr.
1239 555 1288 590 47,
1314 554 1369 583 nisi
1391 563 1445 592 po-

196 618 248 638 nas
271 618 337 638 eum
362 618 397 637 eo
421 608 482 637 fere
498 612 631 645 tempore
655 606 762 636 librum
786 607 919 637 edidisse.
959 616 1032 645 quae
1056 606 1091 635 de
1107 605 1316 635 chronicorum
1340 605 1446 634 horum

196 664 288 688 aetate
312 659 442 697 opinatio
467 658 505 687 ita
529 656 668 686 omnibus
691 658 822 687 numeris
844 658 992 693 satisfacit,
1016 662 1047 687 ut
1071 657 1205 695 equidem
1230 666 1291 685 non
1315 655 1445 685 dubitem

16 719 167 740 Chronicorum
195 710 270 739 edita
301 720 332 739 ea
362 719 425 739 esse
455 709 617 747 imperante
642 708 771 737 Claudio.
820 718 875 738 nec
904 710 1025 738 sortasse
1054 709 1149 747 ipsum
1179 707 1306 736 auctoris
1336 715 1444 736 nomen

4 754 180 808 UZQDJJZZJJJJ·
196 762 272 800 apud
297 761 431 790 Solinum
455 760 645 789 desideratur.
690 769 756 788 nam
782 769 848 789 cum
872 764 1012 798 appareat
1042 769 1075 788 ex
1100 758 1306 797 scriptoribus,
1338 758 1387 796 qui
1410 758 1445 787 ab

195 822 229 841 eo
254 812 411 841 laudantur
435 811 463 840 in
490 810 761 848 chronograpliicis
791 815 940 840 certorum
965 820 1038 848 quos
1061 819 1150 849 supra
1173 809 1309 838 recensui
1333 809 1446 838 nullum

196 864 326 902 ipsorum
351 862 561 892 chronicorum
585 865 734 890 auctorem
758 861 858 890 haberi
882 871 968 900 posse
992 871 1047 890 nec
1063 861 1155 899 magis
1179 869 1253 898 quae
1275 860 1310 889 de
1326 860 1447 889 incertis

195 918 334 952 quattuor
356 913 459 952 primis
483 913 648 941 afferuntur
676 912 764 941 ullam
789 912 931 941 eiusmodi
955 912 1154 950 suspicionem
1177 915 1328 945 moveant,
1358 911 1446 949 longe

195 965 308 993 diversa
325 969 369 993 est
385 964 459 993 ratio
478 963 596 992 Bocchi.
635 963 658 991 is
682 963 758 991 enim
783 972 843 992 non
868 963 962 992 solum
979 963 1084 992 citatur
1099 967 1153 997 ter,
1176 971 1243 991 cum
1259 962 1297 991 sit
1313 961 1445 990 omnium

195 1016 316 1045 minime
340 1015 477 1050 illustris,
507 1014 557 1044 sed
581 1014 687 1043 citatur
716 1013 801 1042 etiam
831 1024 890 1043 non
915 1018 973 1043 tam
1004 1013 1039 1042 ad
1068 1022 1130 1043 rem
1153 1013 1278 1051 aliquam
1308 1022 1323 1041 a
1347 1012 1448 1051 paucis

194 1067 328 1096 traditam
351 1066 395 1095 vel
419 1070 639 1095 controversam
665 1064 845 1103 probandam
877 1074 963 1103 quam
993 1064 1028 1093 de
1051 1064 1139 1094 rebus
1168 1064 1244 1102 apud
1267 1063 1448 1101 chronogra-

195 1119 270 1156 phos
295 1127 398 1147 omnes
423 1117 521 1146 relatis
549 1120 577 1145 et
600 1116 660 1144 fere
683 1116 849 1152 tralaticiis,
880 1121 913 1145 ut
941 1120 1010 1146 sunt
1042 1120 1119 1145 aetas
1144 1114 1268 1153 Sibyllae
1292 1114 1448 1152 Delphicae

196 1178 223 1207 p.
244 1170 282 1200 36
307 1173 335 1197 et
359 1168 542 1207 Polymestor
566 1167 769 1205 Olympionica
792 1176 820 1205 p.
838 1168 893 1202 ⁶25,
912 1169 939 1199 9.
985 1167 1119 1196 Bocchus
1143 1170 1238 1195 autem
1269 1166 1316 1194 hic
1340 1165 1448 1194 Soliui-

195 1229 269 1249 anus
292 1219 369 1248 haud
393 1219 453 1248 scio
478 1228 513 1247 an
538 1218 575 1247 sit
598 1217 751 1246 Cornelius
774 1217 909 1247 Bocchus
933 1218 971 1253 is,
999 1227 1086 1256 quem
1110 1217 1189 1245 inter
1211 1220 1347 1245 auctores
1370 1215 1447 1244 Lati-

197 1280 250 1299 nos
274 1274 409 1299 recenset
434 1269 545 1298 Plinius
568 1269 597 1297 in
621 1269 768 1298 indicibus
791 1269 809 1297 l.
834 1269 881 1298 16.
907 1270 956 1300 33.
981 1270 1030 1300 34.
1056 1269 1092 1298 37
1119 1276 1266 1305 quemque
1290 1266 1358 1296 citat
1380 1275 1447 1295 cum

195 1326 318 1360 propter
341 1330 470 1360 gemmas
501 1320 639 1358 quasdam
664 1319 835 1358 Hispanicas
858 1328 961 1349 omnes
991 1320 1053 1356 (37,
1075 1320 1125 1348 24.
1150 1319 1200 1348 97.
1226 1318 1297 1354 127)
1328 1321 1389 1345 tum
1412 1316 1448 1345 ad

196 1372 340 1410 originem
364 1372 486 1410 Sagunti
513 1370 717 1400 declarandam
748 1370 857 1399 conditi
881 1370 1043 1399 secundum
1067 1369 1215 1398 Bocchum
1246 1377 1260 1396 a
1284 1367 1449 1406 Zacynthiis

195 1432 274 1452 anno
293 1423 336 1452 CC
360 1427 427 1451 ante
452 1422 595 1451 excidium
626 1421 730 1450 Troiae
754 1422 816 1457 (16,
833 1421 906 1459 216)
931 1430 1078 1459 quemque
1104 1419 1256 1459 probabile
1283 1422 1327 1448 est
1353 1418 1448 1456 ipsum

197 1483 259 1503 esse
287 1474 333 1503 cui
358 1473 482 1502 dedicati
511 1477 581 1502 sunt
609 1472 685 1501 tituli
715 1473 772 1501 duo
803 1472 832 1501 in
855 1471 1005 1500 Lusitania
1028 1471 1139 1500 inventi
1174 1471 1221 1503 (cf.
1246 1468 1389 1498 Huebner
1417 1468 1447 1497 in

197 1524 322 1553 Hermae
350 1524 404 1553 vol.
428 1526 439 1554 1
468 1533 495 1562 p.
514 1524 586 1559 397)
611 1523 639 1552 C.
657 1523 677 1552 I.
695 1523 727 1552 L.
752 1523 786 1559 lt,
804 1524 859 1554 35:
884 1521 914 1551 L.
935 1521 1066 1551 Cornelio
1093 1521 1159 1560 Of.
1176 1520 1279 1550 Boccho
1303 1517 1449 1558 flam(z'm')

195 1574 315 1614 provin(
318 1577 376 1605 ciae
380 1574 408 1613 ),
440 1573 585 1613 1⁷·(ibmzo)
609 1573 765 1613 tumulum)
797 1574 908 1603 colonia
931 1572 1115 1602 Scalabitana
1137 1572 1170 1602 ob
1193 1573 1297 1601 merila
1320 1572 1351 1600 in
1374 1569 1448 1599 colo-

197 1623 307 1667 niaffin]
331 1630 360 1655 et
383 1626 418 1660 ΙΙ,
445 1626 543 1656 5184:
568 1623 612 1665 [L.
634 1622 778 1665 C]ornelio
800 1624 829 1653 L.
853 1624 910 1661 (vel
937 1624 978 1660 C.)
1000 1624 1023 1661 f.
1047 1621 1182 1664 [B]occho
1206 1618 1355 1663 [flaminJi
1378 1629 1448 1658 pro-

197 1676 335 1715 vinc(2'ae)
354 1673 531 1717 [tr(ibuno)]
554 1675 619 1714 mil(
623 1677 694 1705 itum
697 1675 708 1714 )
726 1674 781 1714 leq(
784 1674 871 1713 ionis)
888 1674 935 1703 III
954 1673 1135 1713 Auyffltslae).
1183 1672 1347 1701 Boccliiana
1371 1670 1448 1708 apud

197 1728 325 1757 Plinium
342 1727 431 1756 relata
449 1727 514 1755 licet
532 1727 561 1755 in
580 1726 754 1764 quibusdam
777 1726 850 1754 mire
875 1724 1052 1753 conveniant
1075 1733 1141 1753 cum
1159 1722 1326 1757 Solinianis‚
1350 1725 1447 1750 tamen

198 1789 264 1809 cum
290 1779 387 1807 omnia
418 1778 587 1816 pertineant
617 1778 651 1805 ad
675 1777 844 1815 Hispaniam
876 1784 973 1813 neque
1003 1775 1100 1804 omnia
1131 1775 1227 1804 locum
1257 1772 1365 1802 habere
1396 1781 1448 1810 po-

197 1830 309 1859 tuerint
333 1830 360 1858 in
387 1837 477 1866 opere
501 1828 768 1866 chronographico,
791 1827 883 1865 magis
912 1826 1039 1865 putarim
1069 1825 1196 1854 Plinium
1221 1833 1280 1853 non
1305 1832 1339 1852 eo
1363 1831 1449 1852 usum

197 1891 275 1917 esse,
313 1880 361 1909 sed
401 1878 531 1908 eiusdem
567 1878 619 1907 viri
650 1878 723 1907 libro
754 1878 867 1907 diverso
902 1878 1026 1907 sortasse
1060 1877 1095 1906 de
1133 1874 1310 1905 admirandis
1344 1873 1448 1912 Hispa-

198 1932 270 1961 niae.
297 1948 340 1952 ——
370 1930 433 1959 Hoc
463 1930 590 1968 denique
620 1929 702 1958 facile
731 1934 854 1968 apparet
882 1928 1090 1958 chronicorum
1119 1931 1269 1956 auctorem
1298 1924 1450 1963 scripsisse

198 1983 299 2012 Latine
333 1981 561 2019 hominibusque
601 1980 737 2015 urbanis,
776 1990 841 2010 cum
882 1981 1014 2011 locorum
1056 1977 1226 2008 indicationi
1259 1976 1303 2006 vel
1337 1975 1449 2014 praeci-

197 2043 284 2074 puam
309 2038 337 2063 et
360 2037 500 2070 tanquam
524 2036 660 2069 exegetae
685 2041 782 2060 curam
807 2031 957 2070 impendat
978 2035 1007 2060 et
1030 2029 1080 2060 ubi
1103 2028 1265 2058 aedificium
1295 2026 1450 2064 antiquum

198 2089 409 2115 commemorat
432 2083 538 2112 addere
561 2083 668 2118 soleat,
699 2083 767 2121 quid
792 2092 846 2122 pro
871 2091 905 2111 eo
930 2081 1032 2111 eodem
1062 2080 1126 2110 loco
1150 2088 1231 2109 nunc
1254 2077 1291 2108 sit
1313 2079 1352 2115 (v.
1375 2086 1404 2116 p.
1420 2077 1449 2111 4,

199 2138 289 2172 1-7,
314 2137 354 2173 4).
