1650 2446
743 102 803 130 221

158 200 170 224 1
193 195 271 234 adp.
291 195 361 229 192,
382 195 435 224 15:
460 190 592 234 [arbores
616 190 726 230 piperis
832 188 867 218 ad
891 187 1020 227 iuniperi
1044 185 1266 217 similitudinem
1290 184 1403 213 diverse
1427 181 1477 218 52,
1496 184 1535 213 50

157 251 171 275 2
194 246 307 275 fruetus
331 245 417 274 edere
441 240 637 283 adseverant}
676 251 780 271 eorum
798 241 846 280 qui
864 240 977 279 primus
998 237 1126 276 erumpit
1141 236 1220 265 velut
1236 235 1405 274 corylorum
1497 234 1532 263 51

156 302 171 325 3
195 296 318 332 fimbria,
343 296 450 325 dicitur
473 295 558 333 piper
580 294 702 331 longum
727 292 795 328 (dic.
820 301 849 331 p.
866 291 884 320 l.
901 301 956 321 om.
975 288 1048 327 P)*.·
1074 288 1124 327 qui
1148 287 1254 316 deinde
1278 287 1405 316 caducus

159 354 173 377 4
195 352 326 377 torretur
348 346 458 376 fervido
475 345 547 380 solo,
573 353 710 374 vocamen
728 344 818 373 trahit
833 343 868 372 de
892 342 1007 371 colore:
1033 346 1062 370 at
1086 340 1134 378 qui
1151 340 1221 378 (que
1239 339 1273 375 A)
1293 348 1327 367 ex
1344 338 1405 377 ipsa

159 405 172 427 5
196 398 302 428 arbore
318 397 483 436 stringitur,
507 400 602 431 mest,
629 395 727 424 album
743 394 827 433 piper
838 394 954 423 dicitur.
978 392 1028 422 sed
1043 397 1075 422 ut
1088 392 1172 431 piper
1184 389 1244 421 sola
1258 390 1348 427 India,
1367 391 1405 420 ita
1498 388 1537 417 52

159 456 173 479 6
196 455 224 479 et
247 449 393 478 hebenum
418 448 478 478 sola
502 447 605 483 mittit;
630 455 685 476 uec
710 450 808 475 tamen
833 445 978 481 universa,
1001 454 1103 474 verum
1128 446 1230 485 exigua
1254 442 1298 471 sui
1323 447 1405 481 parte

158 507 174 530 τ
197 501 280 530 silvas
296 500 353 529 hoc
370 508 465 538 genus
488 498 582 537 gignit
605 497 698 535 (ducit
713 497 757 533 A).
796 496 885 526 arbor
908 501 952 526 est
975 496 1150 536 plerumque
1174 497 1272 528 tenuis
1296 500 1324 525 et
1348 496 1406 524 sre-

160 558 174 582 8
197 552 336 591 (pleutior
359 550 466 579 vimine
490 558 556 578 raro
581 548 670 587 (rario
694 547 743 586 S),
774 548 802 577 in
828 547 1052 578 crassitudinem
1077 549 1186 579 codicis
1211 547 1351 588 (caudicis
1375 547 1406 577 Α,

161 610 175 633 9
198 603 278 633 codis
301 603 333 640 S)
363 601 533 631 extuberata
563 602 639 639 (-tur
663 600 713 635 P),
745 599 843 629 hiulco
875 600 985 629 cortice
1014 604 1043 629 et
1072 601 1230 630 admodum
1254 598 1406 629 reticulato

147 660 175 684 10
198 653 418 685 dehiscentibus
447 652 544 687 venis,
574 652 646 682 adeo
676 656 707 681 ut
736 660 791 690 per
820 651 900 689 ipsos
928 651 1011 680 sinus
1039 661 1107 690 pars
1130 652 1232 681 intima
1255 651 1302 680 vix
1324 649 1407 679 tenui

148 711 175 735 11
198 706 273 735 libro
304 709 488 743 contegatur.
532 704 645 742 lignum
678 712 765 732 omne
794 706 881 741 atque
914 702 1035 732 mediale
1066 703 1218 739 (medicale
1242 703 1275 738 A)
1307 701 1407 731 eadem
1501 698 1540 728 53

149 763 176 787 12
199 758 291 787 ferme
316 761 345 786 et
368 756 440 786 facie
464 760 493 785 et
516 755 626 790 nitore,
655 754 704 793 qui
728 758 772 783 est
795 754 824 783 in
849 754 944 793 lapide
968 758 1080 792 gagate.
1119 754 1183 783 Indi
1208 763 1293 792 reges
1316 762 1348 781 ex
1374 761 1408 781 eo

149 814 176 838 13
199 812 312 846 sceptra
330 812 452 837 sumunt
475 811 503 836 et
526 815 729 845 quascumque
753 806 875 835 deorum
900 806 1043 843 imagines
1067 816 1127 835 non
1154 806 1208 835 nisi
1233 814 1267 834 ex
1291 803 1408 833 hebeno

148 864 177 888 14
199 859 317 889 hahent.
362 859 448 888 iidem
480 858 580 887 serunt
609 857 730 886 materie
760 857 814 886 ista
844 857 988 895 liquorem
1022 857 1142 886 noxium
1173 866 1233 886 non
1261 854 1410 885 contineri

149 916 177 940 15
201 914 229 939 et
245 910 387 949 quidquid
407 909 583 939 maleficium
607 908 704 943 fuerit,
728 912 807 937 tactu
831 908 894 937 eius
917 909 1016 938 averti.
1054 909 1108 938 hac
1131 908 1221 947 gratia
1246 907 1351 946 pocula
1376 914 1410 935 ex
1503 904 1542 933 54

151 967 178 991 16
200 961 317 991 hebeno
333 961 452 990 habent.
490 960 528 989 ita
546 959 617 990 nihil
641 959 758 994 mirum,
782 959 805 988 si
829 968 953 997 peregre
977 960 1014 990 sit
1037 960 1066 989 in
1090 960 1195 999 pretio,
1220 958 1297 998 quod
1323 958 1408 987 eliam

151 1018 177 1041 17
201 1013 256 1051 ipsi
280 1012 387 1051 quibus
410 1012 547 1050 provenit
569 1012 765 1040 honorantur.
789 1027 828 1031 --
854 1009 935 1039 SAP¹

152 1102 179 1127 18
201 1098 238 1127 acl
256 1107 287 1136 p.
312 1098 381 1132 193,
405 1099 439 1127 4:
471 1094 570 1138 [mittit
593 1096 673 1125 India
698 1100 727 1125 et
756 1095 883 1125 calamos
911 1094 1061 1137 odoratos]
1091 1100 1229 1135 potentes
1257 1095 1410 1124 adversum
1435 1090 1486 1125 52,
1504 1092 1544 1121 52

155 1154 181 1178 19
204 1149 360 1178 intestinae
384 1148 577 1187 aegritudinis
600 1147 797 1177 incommoda.
821 1164 861 1168 —-
885 1147 965 1176 ΞΑΡι

154 1240 182 1265 20
204 1236 241 1265 od
261 1245 289 1274 p.
310 1235 378 1270 198,
397 1236 430 1264 5:
455 1234 487 1263 cle
510 1233 610 1263 incolis
636 1232 803 1272 Taprobane
825 1233 951 1263 insulae:
985 1231 1071 1274 [nulli
1101 1238 1150 1262 aut
1173 1237 1240 1261 ante
1264 1231 1339 1261 diem
1364 1235 1413 1260 aut

154 1292 180 1316 21
210 1296 264 1326 per
287 1286 363 1316 diem
393 1282 541 1326 somnusz]
573 1284 669 1313 noctis
704 1288 816 1323 partem
849 1284 941 1323 quieti
970 1285 1119 1314 destinant
1149 1284 1231 1322 (dist—
1255 1282 1304 1320 S),
1340 1281 1415 1311 lucis
1439 1276 1489 1312 53,
1509 1278 1547 1308 12

154 1343 181 1367 22
204 1342 301 1368 ortum
325 1336 420 1376 vigilia
443 1339 640 1365 antevertunt.
664 1353 704 1357 —
729 1334 802 1364 SAP
1484 1330 1548 1366 (55)

154 1429 183 1452 23
206 1423 243 1453 ad
262 1433 292 1462 p.
316 1424 387 1457 205,
410 1424 463 1452 10:
489 1418 675 1462 [Babylonia]
706 1430 720 1450 a
751 1421 819 1458 (om.
843 1419 878 1456 P)
910 1420 1062 1450 Sainiranii
1092 1420 1196 1458 (·n1ide
1229 1420 1262 1457 A)
1295 1418 1414 1449 condita
1438 1412 1521 1449 56‚1

156 1480 184 1503 21
206 1474 306 1511 (condi
330 1473 362 1510 S)
386 1472 459 1502 SAP

244 1567 268 1597 *)
286 1565 362 1598 Quae
375 1566 534 1591 inseruntur
547 1562 599 1589 hoc
612 1562 671 1589 loco
686 1562 713 1588 in
728 1562 804 1589 libris
816 1562 876 1588 SA:
888 1562 960 1596 quod
973 1563 1159 1596 incorruptum
1173 1565 1214 1589 est
1228 1561 1305 1595 piper
1315 1561 1415 1592 album,

156 1617 272 1643 quorum
292 1611 380 1634 cutem
394 1614 518 1640 rugosam
532 1608 557 1631 et
570 1604 699 1631 torridam
713 1605 787 1631 calor
799 1604 902 1636 fecerit,
922 1613 1017 1632 errore
1029 1608 1219 1631 remanserunt
1232 1612 1269 1630 ea:
1279 1603 1416 1638 primaria

158 1652 333 1682 recensi0⁷ze;
355 1658 417 1676 uam
438 1657 493 1684 pro
518 1647 561 1674 his
579 1647 764 1682 interpolator
782 1648 909 1673 substitui
928 1648 1005 1674 iussit
1024 1657 1055 1673 ea
1074 1656 1145 1681 quae
1162 1651 1323 1682 sequuntur.
1354 1646 1416 1672 item

158 1698 304 1728 utramque
320 1692 504 1719 recensionem
523 1690 735 1717 contaminatam
754 1689 865 1716 exhibet
878 1689 904 1715 P
920 1691 948 1716 in
968 1692 1045 1717 textu
1064 1692 1137 1722 (nam
1157 1691 1185 1716 7⁴71
1198 1690 1322 1724 margine
1334 1696 1416 1714 manu

157 1736 271 1771 aequali
286 1736 442 1771 perscripta
460 1737 500 1760 est
518 1732 596 1766 prior
612 1733 783 1765 incorrupta)
802 1732 907 1759 diverse
913 1742 923 1763 ‚·
946 1733 1048 1759 scilicet
1066 1732 1202 1759 secundae
1220 1733 1291 1759 inter
1309 1739 1372 1765 pars
1391 1734 1418 1757 et

159 1780 253 1806 intima
271 1787 360 1813 supra
378 1786 402 1805 v.
424 1780 453 1803 10
473 1775 656 1809 interponitur
672 1783 741 1810 pars
758 1776 863 1810 prioris
881 1784 907 1807 μ,
930 1777 986 1808 192,
1008 1779 1036 1802 15
1056 1776 1109 1802 sic.-
1136 1776 1181 1809 qui
1198 1783 1267 1809 pene
1289 1774 1417 1801 inmaturi

159 1825 260 1848 exeunt
278 1822 405 1848 dIcuntur
422 1820 501 1854 piper
519 1819 635 1852 longum,
654 1818 699 1851 qui
718 1817 868 1852 incorrupti
886 1818 963 1852 piper
982 1818 1082 1849 album,
1101 1826 1216 1852 quorum
1235 1820 1323 1844 cutem
1336 1824 1418 1850 rugo-

160 1871 217 1890 sam
235 1866 262 1888 et
280 1862 409 1890 torridam
428 1863 502 1889 calor
520 1861 615 1888 fecerit
633 1868 730 1887 nomen
749 1861 862 1887 trahunt
880 1861 913 1887 de
932 1861 1031 1888 colore.
1062 1862 1194 1888 hebenum
1216 1868 1248 1887 ex
1268 1860 1345 1886 India
1366 1859 1417 1885 Mi-

160 1905 305 1932 thridatico
324 1905 469 1940 triumpho.
