1593 2409
775 82 867 109 Lvm

185 164 257 198 ‘bus
287 169 406 199 utilibus
436 170 527 209 magis
557 178 644 207 quam
674 168 760 199 bonis
789 174 818 198 et
846 174 1004 208 propterea
1033 169 1118 208 vulgo
1153 171 1274 208 spretis,
1306 170 1448 200 restitutis

188 216 299 249 ‘autem
322 230 373 249 sua
390 221 535 250 industria
557 230 669 259 suaque
693 221 723 250 in
747 220 888 250 minimos
904 230 1037 259 quosque
1061 226 1089 250 et
1110 220 1219 250 debiles
1235 218 1310 250 infra
1328 221 1450 250 classem

189 268 342 301 ‘classicos
358 272 540 310 indulgentia
564 276 592 301 et
609 272 690 310 quasi
708 271 843 301 caritate:
868 272 984 309 iamque
1008 271 1167 301 editionem
1190 272 1251 301 sere
1275 271 1450 306 absolverat,

188 318 269 351 ‘cum
301 323 336 352 de
367 323 429 352 eius
459 323 582 352 consilio
613 328 642 352 et
671 323 869 352 instrumento
899 323 969 361 quid
999 322 1138 352 sentirem
1169 332 1205 352 ex
1226 332 1273 351 me
1298 322 1449 360 quaesivit.

188 370 242 402 ‘ita
259 378 291 403 ut
305 374 486 412 obsequerer
502 374 614 403 homini
632 375 725 403 amieo
750 378 778 403 et
794 373 938 411 familiari,
963 374 992 403 in
1017 382 1080 403 eam
1104 382 1165 402 rem
1190 373 1341 411 inquirere
1366 373 1450 411 coepi

189 421 331 463 ‘eumque
359 425 384 454 ei
414 425 626 463 significassem
657 429 829 463 apparatum
861 425 993 453 nondum
1024 425 1092 454 satis
1119 424 1240 463 plenum
1264 424 1335 453 mihi
1360 424 1450 453 videri

191 473 262 505 ‘nec
285 485 338 515 per
365 485 432 505 eum
464 476 577 515 liquere
607 475 643 505 de
675 476 867 505 fundamento
897 474 1034 504 editionis
1057 475 1253 504 Salmasianae
1282 475 1451 513 bonamque

191 523 252 556 ‘me
275 536 357 565 spem
380 526 489 556 habere
513 527 548 556 de
572 527 655 556 libris
681 526 820 556 Parisinis
843 530 871 555 et
894 525 1100 561 Leidensibus,
1124 535 1199 564 quos
1221 530 1285 555 tum
1309 535 1369 555 non
1396 536 1450 555 no-

191 573 306 607 ‘ramus
335 578 390 607 nisi
422 587 457 607 ex
486 578 626 616 catalogis
650 577 734 607 editis
758 577 968 615 Salmasioque,
996 577 1156 607 obsecutus
1180 577 1250 605 mibi
1275 581 1319 605 est
1342 576 1452 606 amicus

191 626 312 667 ‘meque
336 629 463 668 rogavit,
494 634 527 658 ut
550 629 579 658 in
605 629 802 658 instrumento
829 627 964 666 augendo
995 633 1023 657 et
1052 628 1081 657 in
1106 633 1187 657 textu
1210 627 1452 665 recognoscendo

190 676 236 709 ‘se
260 680 440 709 adiuvarem:
473 680 551 718 quod
574 689 620 709 me
644 680 789 709 facturum
813 688 877 712 esse
900 680 1010 718 recepi.
1049 678 1154 708 deinde
1178 687 1245 707 vero
1271 687 1359 716 opera
1382 687 1452 716 pro-

190 727 329 760 ‘eedente
352 731 550 761 intelleximus
573 736 631 760 tam
663 732 692 761 in
717 732 812 770 parvis
837 730 925 760 rebus
956 740 1043 769 quam
1073 730 1102 759 in
1129 729 1241 767 magnis
1271 738 1364 758 unum
1388 739 1451 759 esse

191 778 314 812 ‘debere
345 783 442 821 operis
471 782 663 820 magistrum,
698 783 796 820 itaque
826 782 940 816 evenit,
974 786 1006 810 ut
1038 790 1091 818 ego
1122 790 1157 809 ex
1180 785 1326 809 structore
1350 780 1451 810 fierem

191 829 398 868 ‘a1·c11itectus,
430 834 540 863 amicus
569 838 666 863 autem
697 834 817 862 editoris
845 841 972 871 persona
996 832 1127 870 deposita
1150 832 1329 869 redemptor.
1375 835 1454 869 patet

191 880 304 913 ‘tamen
335 894 370 913 ex
402 884 455 913 hae
487 884 655 914 narratione
684 885 708 914 si
732 884 800 922 quid
826 884 1018 922 profecerunt
1040 883 1153 912 litterae
1182 887 1303 912 auctore
1326 881 1375 911 diu
1401 891 1454 911 ne—

191 930 301 973 ‘glecto
326 935 381 964 iam
405 935 438 964 ad
462 935 554 964 libros
576 935 702 974 scriptos
726 940 844 970 exacto,
875 935 937 964 eius
960 934 1055 963 meriti
1086 933 1185 962 laudes
1216 942 1277 962 non
1301 937 1360 961 tam
1383 932 1453 962 mihi

193 982 324 1022 ‘deberi‚
355 986 405 1024 qui
435 991 612 1024 postremam
644 991 758 1015 tantum
782 991 810 1015 et
839 987 901 1015 fere
924 985 1094 1015 subitariam
1126 993 1244 1023 operam
1273 983 1375 1012 Solino
1400 983 1454 1012 im-

193 1033 308 1075 ‘pemli‚
331 1037 382 1067 sed
407 1037 511 1067 Carolo
534 1037 682 1066 Ludovico
706 1037 813 1066 Rothio
837 1042 866 1066 et
890 1037 1014 1066 Gustavo
1038 1035 1191 1069 Partheio‚
1222 1034 1270 1073 qui
1294 1035 1369 1063 lianc
1393 1034 1453 1063 edi-

193 1085 322 1118 ‘tionem
345 1088 404 1118 suis
428 1088 578 1118 laboribus
601 1084 824 1118 fundaverunt’.
