1593 2409
0 168 52 188 clini
63 168 117 188 liber
126 168 179 188 cho-

21 201 142 228 rogi-aphia.

0 728 95 747 luctores
109 733 122 747 a
137 726 177 747 So-

1 761 45 781 lino
60 760 159 781 adbjbiti.

784 73 847 99 V111

273 160 396 198 Scripsit
412 165 508 188 autem
522 160 641 189 Solinus
657 160 710 189 sub
727 160 823 189 indice
841 159 1080 189 Collectaneorum
1097 169 1195 190 rerum
1208 162 1438 193 memorabilium

192 210 270 247 (nam
285 210 364 238 hunc
378 219 473 248 neque
486 210 574 239 alium
589 210 677 239 ullum
695 210 793 239 libello
807 210 842 240 ab
860 220 894 240 eo
912 211 1086 249 inscriptum
1104 220 1167 240 esse
1184 211 1260 241 infra
1274 214 1315 251 (p.
1328 213 1440 250 XCVII)

189 260 354 298 docebitur)
379 261 623 300 chorographiam
648 261 686 290 ita
710 266 923 300 comparatam,
949 266 979 291 ut
1002 267 1031 296 in
1057 262 1181 300 singulis
1203 263 1275 292 locis
1299 273 1359 293 non
1383 269 1442 294 tam

189 312 221 339 ad
248 312 327 340 utilia
351 316 380 341 et
403 312 477 341 scitu
501 312 667 341 necessaria
691 313 855 342 attenderet
885 322 988 351 quam,
1020 317 1051 342 ut
1074 313 1136 351 ipse
1160 313 1212 349 ait,
1236 314 1270 343 ad
1295 323 1440 344 memora·

189 362 266 397 bilia,
291 372 349 401 quo
374 363 444 401 quid
467 363 620 401 significet,
645 363 767 401 exponit
789 363 858 393 satis
876 368 1012 393 accurate
1028 364 1057 393 in
1075 364 1266 402 praefatione.
1306 365 1439 396 ordinem

188 414 321 443 locorum
345 414 479 452 sequitur
502 423 578 449 eum,
604 418 634 443 ut
656 414 784 452 primum
808 419 957 453 proponat
973 414 1121 453 Europam
1138 415 1284 453 incipiens
1307 416 1343 445 ab
1367 417 1438 446 urbe

189 470 217 493 et
240 464 319 494 Italia
343 474 411 494 cum
441 465 544 495 insulis
570 467 606 503 (c.
628 466 735 502 1-6),
766 470 832 503 post
861 465 911 494 has
938 465 1088 495 Graeciam
1115 475 1182 494 cum
1213 465 1361 496 Thessalia
1384 467 1443 497 Ma—

189 516 311 545 cedonia
335 516 458 545 Thracia
482 516 644 554 insulisque
668 516 786 545 Graecis
810 518 848 553 (c.
866 515 991 553 7—11)‚
1016 525 1083 545 mox
1108 517 1228 545 Pontica
1252 521 1280 546 et
1304 517 1437 556 Scythica

187 568 224 603 (c.
240 567 386 605 12—19),
410 576 500 606 porro
517 567 702 597 Germaniam
720 567 839 597 Galliam
860 567 1040 596 Britanniam
1058 567 1228 606 Hispaniam
1246 567 1284 604 (c.
1303 569 1439 606 20—23)

189 627 385 657 percensens3
402 618 507 648 deinde
521 623 637 648 enarret
649 619 774 648 Africam
787 628 802 647 a
816 618 995 647 Mauretania
1009 617 1042 646 ad
1057 618 1219 657 Aegyptum
1234 619 1270 655 (c.
1285 619 1438 656 24—35);

189 669 270 698 finiat
293 669 420 708 denique
443 670 472 699 in
490 670 566 704 Asia,
589 669 760 699 describens
776 669 911 698 Arabiam
935 674 963 698 et
981 668 1093 707 Syriam
1121 671 1158 703 (e.
1177 669 1322 705 33—37),
1347 670 1442 700 Asiam

194 720 338 750 minoren]
361 722 398 758 (c.
423 721 570 758 38—45),
595 720 740 758 Assyriam
765 720 876 749 Indiam
893 719 1039 749 Parthiam
1063 722 1098 755 (c.
1116 721 1262 755 46—56).
1280 737 1319 741 -—
1336 721 1440 751 Nostra

193 771 315 800 maxime
332 771 455 801 interest
470 772 554 807 scire,
580 771 657 801 unde
673 780 724 800 sua
742 770 875 800 habuerit
892 770 1027 806 Solinns;
1050 769 1270 808 videbimusque
1288 771 1343 800 iam
1368 781 1443 810 quos

189 826 323 851 auctores
339 822 504 851 adhibuerit
520 827 578 851 tam
595 822 767 861 superstites
793 821 896 857 adhuc,
921 821 971 859 qui
994 825 1064 850 sunt
1087 820 1145 850 duo
1162 821 1274 851 Plinius
1296 822 1390 852 maior
1415 828 1443 852 et

192 872 274 909 Mela,
299 882 386 911 quam
410 873 586 912 deperditos.

0 944 139 969 §onnusqma
149 943 190 964 ha·
282 933 323 962 Ex
342 933 426 962 Plinii
443 938 565 962 naturae
588 933 707 962 historia
724 932 863 971 pleraque
887 939 902 960 a
919 930 1020 959 Solino
1045 930 1149 960 tradita
1168 932 1314 969 proficisci
1332 938 1444 962 norunt

0 977 335 1022 meritoxPn1210.phi1010gi
360 985 404 1013 vel
434 984 452 1013 ii
477 984 526 1022 qui
551 984 685 1013 Solinum
716 991 877 1020 numquam
910 981 1090 1010 evolverunt.
1139 981 1201 1011 eius
1223 982 1358 1021 expilavit
1386 987 1443 1012 tam

191 1035 282 1064 libros
300 1035 513 1074 geographicos
530 1035 599 1071 sive,
623 1039 655 1064 ut
672 1033 823 1072 inscripsit
839 1032 960 1067 Plinius,
984 1032 1019 1061 de
1036 1032 1140 1061 sitibus
1157 1032 1294 1070 gentibus
1317 1033 1446 1063 maribus

191 1091 245 1115 cet.
260 1088 376 1124 (3-6),
400 1095 486 1125 quam
510 1085 618 1115 librum
643 1085 678 1114 de
702 1084 821 1113 homine
839 1084 881 1121 (7)
898 1083 1048 1121 librosque
1065 1083 1100 1112 (le
1118 1083 1291 1113 animalibus
1308 1084 1445 1122 (8—11),

192 1137 259 1167 item
285 1138 320 1166 de
343 1137 508 1171 arboribus,
533 1137 582 1166 sed
607 1136 642 1165 de
665 1136 734 1165 solis
757 1135 922 1174 peregrinis
946 1135 1008 1171 (12.
1029 1135 1088 1171 13),
1113 1134 1240 1172 (lenique
1264 1135 1299 1164 de
1323 1135 1446 1174 gemmis

192 1189 272 1226 (37),
302 1189 423 1227 reliquis
453 1188 590 1217 omnihus
620 1192 670 1215 aut
693 1186 838 1215 rarissime
862 1185 998 1214 adhibitis
1027 1190 1076 1213 aut
1100 1186 1222 1214 omnino
1247 1186 1370 1215 omissis.
1415 1186 1443 1214 id

192 1240 271 1278 quod
295 1245 431 1269 accurate
455 1239 595 1268 convenit
618 1247 684 1267 cum
709 1237 800 1276 ipsius
822 1236 950 1265 auctoris
973 1236 1154 1274 praefatione
1177 1245 1202 1265 c.
1220 1238 1254 1271 4,
1286 1237 1342 1266 nisi
1366 1237 1444 1275 quod

191 1300 323 1329 gemmae
347 1290 386 1320 ihi
415 1300 475 1319 non
503 1290 693 1319 nominantur
717 1288 772 1317 nisi
801 1287 831 1316 in
856 1286 1030 1316 recensione
1053 1287 1236 1325 interpolata.
1283 1292 1369 1326 capnt
1392 1297 1444 1316 au-

192 1346 249 1371 tem
274 1342 308 1370 (le
332 1342 451 1371 homine
478 1343 509 1376 1,
528 1341 673 1372 53-127
697 1343 868 1377 excerptum
892 1338 1015 1366 maxima
1040 1347 1073 1366 ex
1097 1342 1178 1376 parte
1202 1347 1235 1366 ex
1262 1338 1345 1367 Plinii
1369 1338 1444 1367 libro

192 1393 318 1431 septimo
343 1393 447 1422 adiecit
470 1391 552 1421 urbis
576 1390 781 1429 descriptioni,
813 1389 947 1418 animalia
972 1393 1000 1417 et
1023 1389 1142 1417 arbores
1173 1389 1201 1417 in
1227 1389 1287 1418 suis
1310 1398 1444 1427 quaeque

193 1444 295 1483 patriis
319 1444 405 1473 terris
429 1443 575 1473 enarravit
599 1443 646 1480 (cf.
669 1443 700 1477 1,
719 1443 779 1477 53).
811 1458 851 1462 ——
882 1440 941 1469 Iam
966 1439 1052 1468 Plinii
1084 1444 1205 1468 naturae
1235 1439 1353 1469 historia
1378 1449 1443 1469 cum

193 1499 271 1524 extet
288 1495 411 1533 integra,
436 1495 584 1533 epitomen
610 1494 685 1522 hanc
710 1493 786 1521 docti
805 1492 856 1520 viri
882 1491 966 1520 hodie
991 1491 1050 1519 fere
1074 1494 1279 1526 contemnunt,
1304 1499 1359 1519 nec
1381 1490 1445 1519 sine

194 1554 290 1574 causa.
337 1554 403 1574 nam
428 1554 498 1575 sane
522 1552 698 1583 perparvum
723 1544 844 1572 interest
868 1543 942 1571 scire
966 1541 1074 1580 quibus
1103 1541 1214 1571 artibus
1237 1541 1343 1571 saeculi
1368 1541 1443 1570 tertii

193 1596 385 1626 scholasticus
408 1596 536 1625 Plinium
561 1596 642 1633 quasi
667 1595 842 1633 scriptorem
872 1593 947 1622 iusto
971 1592 1180 1631 simpliciorem
1208 1592 1288 1630 loqui
1311 1592 1445 1621 docuerit

193 1648 302 1677 tumide
333 1652 362 1676 et
385 1647 523 1685 perplexe
552 1651 579 1675 et
602 1645 742 1684 insipide,
775 1644 858 1674 cuius
887 1645 910 1673 si
940 1643 1036 1682 placet
1065 1643 1230 1681 exemplum
1260 1643 1443 1672 luculentum

195 1698 391 1733 considerare,
420 1697 552 1735 expende
577 1697 645 1734 quid
671 1695 800 1725 effecerit
824 1695 871 1724 ille
895 1704 920 1723 e.
938 1695 986 1728 24,
1006 1694 1087 1724 3—6
1112 1703 1145 1722 ex
1170 1693 1309 1723 Plinianis
1333 1696 1360 1729 5,
1379 1694 1407 1724 3.
1425 1692 1445 1731 ¹)

196 1758 250 1778 nec
274 1749 365 1787 magis
395 1748 592 1787 persequendi
622 1751 692 1776 sunt
722 1746 835 1775 ridiculi
864 1744 1017 1783 magistelli
1047 1753 1177 1779 errores,
1209 1744 1258 1782 qui
1289 1754 1325 1773 ne
1355 1743 1443 1772 verba

196 1799 313 1839 quidem
338 1804 417 1828 recte
441 1807 578 1837 separare
602 1797 724 1826 valuerit
747 1801 774 1825 et
799 1805 832 1825 ex
858 1796 891 1825 iis
914 1803 987 1833 quae
1010 1799 1080 1824 sunt
1102 1795 1136 1823 ab
1154 1795 1221 1825 Delo
1245 1799 1274 1824 et
1297 1796 1333 1824 ad
1348 1794 1444 1824 Dirim

195 1851 270 1890 apud
288 1850 415 1879 Plinium
440 1849 481 1889 (4,
499 1851 548 1880 67.
574 1850 600 1884 5,
620 1849 670 1885 13)
694 1847 864 1886 procuderit
887 1850 1024 1885 portenta
1041 1845 1194 1874 nominum
1213 1845 1346 1875 Abdelum
1363 1847 1444 1884 oppi-

286 1988 306 2016 1)
325 1983 368 2011 Ibi
392 1984 470 2018 reqia
488 1983 588 2009 Antaei
608 1984 797 2015 certamenque
819 1989 878 2006 cnm
899 1980 1012 2006 Hercule
1037 1986 1062 2006 ec
1082 1978 1260 2013 Hesperidum
1279 1977 1360 2004 horti.
1396 1978 1444 2004 ad-

194 2026 324 2062 fundilw·
343 2029 430 2053 antem
451 2025 616 2053 aestuarium
636 2033 650 2051 e
669 2024 740 2050 mari
755 2023 880 2057 flexuoso
898 2026 1000 2054 meatu,
1026 2023 1053 2048 ῐιι
1077 2029 1130 2056 quo
1154 2020 1286 2047 dracones
1305 2021 1446 2047 custodiae

196 2071 284 2096 instar
301 2070 389 2103 fuisse
406 2077 479 2095 nunc
498 2069 722 2103 interpretantur.
753 2065 927 2100 amplectitur
945 2065 1018 2091 intra
1037 2072 1066 2090 ce
1084 2063 1208 2094 insulam,
1228 2071 1307 2096 quam
1327 2063 1411 2089 solam
1431 2071 1445 2088 e

199 2112 284 2139 ricino
305 2114 394 2138 tractu
414 2110 556 2145 aliquanto
576 2109 726 2136 excelsiore
745 2116 800 2134 non
820 2111 909 2133 tamen
927 2110 1018 2132 aestus
1037 2106 1120 2131 maris
1138 2104 1279 2130 inundant.
1321 2108 1398 2132 extat
1417 2105 1444 2130 in

198 2163 230 2181 ιά
248 2158 274 2181 et
293 2163 342 2180 ara
354 2153 482 2181 Herculis
501 2160 549 2179 nec
564 2155 678 2186 praeter
696 2151 829 2177 oleastros
842 2149 918 2175 aliud
930 2156 966 2175 ex
984 2152 1098 2174 narrato
1118 2147 1164 2174 illo
1184 2147 1308 2181 aurifero
1327 2155 1444 2173 nemore.
