1593 2409
825 102 864 129 47

137 197 195 217 ion.
234 194 246 218 1
269 188 371 227 fugiat.
416 188 446 217 in
470 188 594 218 metallis
624 189 799 228 argentariis
821 190 948 228 plurima
971 194 1031 225 est,
1063 199 1129 219 nam
1153 189 1247 219 solum
1272 189 1342 219 illud
1367 190 1481 229 argenti

233 245 246 269 2
269 239 348 269 dives
364 243 422 269 est:
447 240 586 269 occultim
604 245 698 279 reptat
721 245 749 270 et
772 251 826 280 per
842 241 1063 280 inprudentiam
1079 240 1343 280 supersedentibus
1367 246 1480 280 pestem

233 298 246 320 3
270 290 347 320 facit.
393 290 460 320 huic
484 291 673 321 incommodo
697 292 810 321 accedit
832 296 860 321 et
882 292 973 321 herba
997 292 1159 327 Sardonia,
1191 301 1265 330 quae
1292 292 1321 321 in
1347 292 1480 322 dessuviis
1504 287 1534 325 4,
1561 292 1579 320 -t

233 349 247 373 4
270 343 419 373 fontaneis
447 343 583 381 provenit
613 342 689 372 iusto
719 343 838 381 largius.
897 353 929 373 ea
961 344 985 373 si
1016 343 1113 372 edulio
1143 343 1233 372 suerit
1269 343 1481 379 nescientibus,

233 401 247 424 5
270 404 377 424 nervos
399 394 556 430 contrahit,
580 394 691 424 diducit
714 394 789 424 rictu
813 403 873 430 ora,
898 399 930 424 ut
954 394 1003 433 qui
1021 399 1146 423 mortem
1164 398 1311 433 oppetunt
1334 394 1483 424 intereant

233 452 247 475 6
270 446 344 476 facie
367 445 536 475 ridentium.

234 503 247 526 7
355 496 463 526 Contra
493 495 635 534 quidquid
671 505 814 534 aquarum
846 501 890 526 est
920 496 998 526 varie
1028 496 1192 526 commodis
1222 496 1321 526 servit.
1376 501 1479 535 stagna
1507 496 1524 524 5

233 553 247 577 S
270 547 526 588 pisculentissima.
570 546 713 576 hibernae
742 547 856 586 pluviae
880 547 909 576 in
934 547 1071 577 aestivam
1095 547 1249 586 penuriam
1281 552 1480 583 reservantur,

232 605 246 629 9
270 608 337 629 nam
366 599 455 628 homo
484 597 595 627 Sardus
625 607 711 637 opem
747 599 902 637 plurimam
933 599 968 628 de
1005 598 1132 628 imbrido
1163 598 1244 627 caelo
1281 598 1386 628 habet:
1423 599 1480 628 hoc

219 656 247 680 10
270 650 485 680 collectaneum
508 649 685 688 depascitur,
710 654 741 678 ut
764 650 891 679 sufficiat
914 650 979 679 usui
1004 650 1053 679 ubi
1077 649 1241 679 defecerint
1257 649 1480 688 scaturrigines.

218 707 245 731 11
270 702 366 731 fontes
389 701 473 731 calidi
491 705 519 730 et
534 700 666 730 salubres
682 701 793 739 aliquot
809 701 881 731 locis
897 701 1104 736 effervescunt,
1128 701 1178 739 qui
1204 700 1332 730 medelas
1353 701 1482 730 afferunt
1506 701 1524 730 6

219 758 246 782 12
269 757 318 782 aut
341 752 468 782 solidant
491 762 556 781 ossa
579 752 670 781 fracta
693 756 743 781 aut
759 752 879 782 abolent
902 762 917 782 a
932 752 1066 792 solifugis
1090 752 1235 782 insertum
1260 761 1407 781 venenum
1431 756 1480 781 aut

219 809 246 832 13
269 803 354 833 etiam
378 803 524 833 ocularias
547 803 691 842 dissipant
713 804 923 842 aegritudines.
968 804 1019 834 sed
1044 803 1094 842 qui
1125 803 1218 832 oculis
1247 803 1422 839 medentur,
1452 807 1481 832 et
1505 803 1522 831 7

218 859 247 883 14
269 854 465 893 coarguendis
488 854 586 883 valent
609 855 739 884 furibus:
774 864 841 884 nam
866 855 999 894 quisquis
1024 859 1211 884 sacramento
1235 858 1352 893 raptum
1381 858 1480 892 negat,

219 911 246 935 15
269 905 379 935 Iumina
397 906 480 944 aquis
496 906 651 935 adtrectat:
676 906 727 935 ubi
750 907 914 945 periurium
940 916 1000 936 non
1026 911 1078 941 est,
1103 906 1199 935 cernit
1222 905 1339 941 clarius,
1363 905 1387 935 si
1411 914 1480 944 per-

218 961 246 986 16
268 957 334 986 fidia
351 956 464 993 abnuit,
481 957 630 995 detegitur
645 957 759 987 facinus
771 958 911 987 caecitate
925 963 954 987 et
966 963 1069 996 captus
1083 957 1176 986 oculis
1189 957 1348 986 admissum
1363 957 1479 986 fatetur.

219 1013 246 1037 17
355 1008 385 1037 Si
402 1008 593 1046 respiciamus
610 1007 644 1037 ad
662 1008 797 1037 ordinem
813 1013 979 1048 temporum
997 1008 1041 1039 vel
1064 1008 1208 1042 locorum,
1234 1013 1300 1046 post
1316 1008 1481 1037 Sardiniam
1505 1005 1534 1042 5,
1562 1009 1572 1037 1

219 1063 246 1088 18
268 1067 315 1088 res
338 1064 445 1088 vocant
468 1059 593 1089 Siculae.
640 1059 735 1098 primo
764 1060 843 1098 quod
878 1064 1001 1098 utraque
1030 1059 1126 1089 insula
1155 1059 1184 1088 in
1210 1059 1376 1088 Romanum
1401 1058 1480 1088 arbi-

304 1142 409 1168 RCNH
427 1141 556 1175 LMG(B)
575 1142 661 1173 SAR·
678 1142 768 1169 Aaou.
788 1142 863 1169 Leid.
883 1142 912 1173 (l.
931 1146 963 1172 c.)
983 1142 1021 1169 ad
1041 1145 1070 1169 16
1089 1143 1191 1168 fatetur

304 1192 328 1212 v.
348 1187 362 1211 3
386 1185 470 1211 herba
488 1184 690 1211 Sardoum—6
709 1185 867 1211 ridentium:
890 1185 991 1211 similia
1010 1184 1137 1211 Isidorus
1157 1187 1196 1216 14,
1215 1187 1239 1216 6,
1258 1187 1290 1211 40
1315 1193 1364 1211 nec
1390 1187 1479 1211 tamen

218 1235 255 1254 eac
274 1227 387 1259 Solium
407 1228 445 1262 cf.
465 1227 578 1253 Sallust.
598 1226 661 1253 laist.
679 1227 719 1261 fr,
740 1229 763 1259 2,
783 1229 798 1253 2
817 1226 927 1254 Dielsclz
998 1236 1021 1254 υ.
1044 1230 1072 1254 11
1092 1227 1224 1254 fontes—
1237 1229 1267 1254 16
1285 1227 1388 1254 fatetur
1406 1235 1477 1254 com-

213 1270 341 1305 pilarunt
359 1269 486 1296 Isidorus
501 1272 540 1301 13,
556 1271 594 1302 13,
610 1273 649 1296 10.
671 1271 710 1301 14,
725 1272 747 1301 6,
762 1271 794 1295 40
813 1273 838 1296 et
857 1269 1018 1296 Priscianus
1037 1278 1060 1297 v.
1079 1272 1224 1296 467-469.

217 1338 342 1372 exiguum
367 1346 445 1372 quam
469 1340 547 1372 (quae
566 1337 641 1370 N2P)
665 1338 740 1364 Zz'brz':
764 1346 893 1372 perquam
918 1338 1041 1371 exiguam
1061 1338 1147 1365 voluit
1164 1338 1306 1373 qlossator
1375 1340 1475 1370 aranei]

215 1388 313 1407 aranee
331 1381 364 1414 Α,
382 1381 489 1407 araneis
509 1380 542 1413 P,
560 1388 676 1407 araneae
695 1380 821 1407 Isidorus
890 1382 932 1407 die
950 1382 973 1407 Α

304 1426 315 1449 1
343 1423 437 1456 fugiat]
461 1424 537 1457 fugat
555 1423 607 1456 Ma,
632 1432 683 1450 om,
704 1424 727 1449 A
813 1424 948 1457 argenteis
969 1424 990 1451 C
1074 1431 1136 1450 nam
1155 1432 1175 1450 s.
1196 1424 1212 1450 i.
1233 1424 1336 1456 argenti
1354 1426 1476 1456 (argento

216 1465 304 1498 LMG)
324 1465 400 1492 diues
419 1469 460 1493 est
479 1475 529 1492 om.
548 1466 573 1493 R
673 1468 687 1492 2
707 1467 843 1493 occultum
861 1466 914 1492 ΑΡ
1009 1469 1133 1500 exreptat
1152 1465 1187 1492 II
1203 1465 1300 1498 (LMG)
1395 1468 1410 1492 3
1430 1474 1476 1493 ac-

217 1509 289 1542 cepit
307 1507 328 1534 S
405 1508 531 1535 serdonia
550 1509 578 1540 G,
596 1508 715 1535 sardinia
733 1511 780 1540 [H]
860 1508 992 1540 defluuiis]
1010 1508 1101 1534 fluuiis
1120 1508 1159 1535 Ra
1238 1511 1253 1534 4
1270 1509 1372 1542 largior
1384 1509 1408 1535 Α

217 1553 231 1576 5
251 1549 353 1577 diducit
371 1550 489 1583 (deducit
505 1550 580 1577 RCN
591 1550 692 1581 *HGsi
711 1551 781 1577 rictu
800 1553 856 1582 ora]
876 1560 896 1577 r.
917 1559 939 1578 o.
961 1551 1063 1577 diducit
1080 1551 1103 1577 Α
1190 1554 1322 1584 appetunt
1340 1551 1390 1578 ΒΑ

216 1593 351 1619 intereant
372 1594 443 1620 facie
465 1593 618 1627 ridentium}
643 1594 718 1620 uelut
742 1594 761 1619 f.
781 1593 925 1619 ridentium
945 1594 1088 1625 (ridentum
1107 1593 1126 1620 f.
1146 1594 1180 1625 A)
1198 1594 1333 1620 intereant
1352 1594 1411 1627 SA,
1435 1594 1476 1621 in-

215 1637 322 1662 tereant
342 1636 361 1662 f.
381 1644 403 1662 r.
423 1636 498 1662 uelut
515 1635 659 1662 ridentium
677 1635 748 1662 facie
766 1636 899 1662 intereant
919 1639 1035 1670 utraque
1053 1637 1167 1662 lectione
1185 1637 1331 1663 coniuncta
1351 1637 1377 1663 Ρ

216 1680 229 1703 7
250 1686 370 1704 amarum
386 1678 412 1704 R
523 1680 565 1705 est
590 1686 641 1705 om.
662 1677 710 1704 RS
824 1678 969 1705 commodis
994 1679 1084 1709 seruit]
1108 1679 1329 1705 accommodatur
1350 1681 1374 1706 A

215 1723 328 1754 stagnea
350 1720 399 1747 NS
452 1723 466 1747 8
490 1721 702 1755 piculentissima
721 1723 768 1752 [H]
820 1721 970 1754 penuriam]
994 1721 1114 1755 pluuiam
1134 1723 1180 1753 [H]
1233 1724 1248 1746 9
1272 1722 1358 1748 sardis
1378 1723 1425 1754 [Η]

217 1766 247 1789 10
267 1764 430 1791 collectaneo
450 1763 512 1796 RS,
531 1763 709 1790 colletaneum
728 1763 754 1789 P
873 1763 1028 1797 depascitur
1047 1763 1196 1795 Nfflisnt,
1219 1764 1370 1798 departitur
1389 1764 1476 1796 Leid„

215 1805 358 1840 depacitur
376 1805 411 1833 S2
527 1806 598 1838 usui]
622 1814 673 1833 usu
696 1806 738 1832 sui
762 1806 794 1832 M
902 1809 966 1840 post
991 1809 1057 1833 scat.
1078 1807 1128 1833 ins.
1148 1806 1175 1833 id
1194 1809 1235 1833 est
1254 1806 1413 1833 euullientes
1434 1807 1476 1838 Ca,

215 1849 265 1875 ins.
286 1856 355 1883 quae
373 1849 407 1875 ad
426 1849 528 1876 nictum
547 1849 673 1882 usurpari
692 1849 780 1875 solent
798 1848 850 1874 ΑΡ
959 1851 984 1874 11
1006 1849 1104 1880 fontes]
1123 1849 1212 1876 fontes
1231 1857 1297 1875 sane
1316 1849 1368 1875 Al)

214 1891 325 1925 aliquot]
345 1892 479 1925 aliquibus
496 1892 529 1923 R,
547 1892 599 1918 inc.
621 1891 652 1918 C¹
727 1893 756 1917 12
775 1893 823 1917 aut
841 1892 899 1924 sol]
920 1895 950 1918 ut
968 1892 1017 1919 sol.
1039 1894 1094 1924 [H],
1113 1892 1198 1919 adsol.
1218 1891 1240 1918 S
1304 1895 1371 1926 post
1388 1892 1477 1918 fracta

214 1933 266 1961 ins.
286 1936 334 1960 aut
352 1934 476 1961 molliunt
494 1933 520 1960 P
605 1934 717 1960 abolant
737 1933 777 1965 0¹,
796 1934 906 1961 obolent
924 1934 945 1960 S
1034 1937 1063 1961 13
1083 1935 1131 1961 sed
1150 1934 1195 1968 qui
1213 1935 1286 1968 (quia
1305 1935 1333 1965 S)
1352 1942 1376 1960 0.
1397 1942 1430 1961 m.
1451 1937 1477 1960 et

215 1976 392 2010 coarguendis
411 1978 600 2010 (coarguentes
619 1976 680 2009 NS)
699 1985 725 2003 u.
746 1977 852 2003 furibus
871 1985 921 2003 om.
944 1977 966 2003 G
1021 1980 1049 2003 15
1070 1977 1133 2003 lum.
1153 1985 1196 2010 aq.
1217 1979 1346 2003 attrectat
1365 1980 1476 2008 (attrac-

215 2023 255 2047 tat
273 2020 310 2053 N)
333 2020 388 2051 ubi]
407 2027 492 2053 aquas
511 2021 642 2045 attrectat
659 2020 682 2046 Α
798 2020 956 2053 periurium]
975 2019 1119 2053 plurimum
1139 2019 1167 2045 N
1175 2020 1206 2051 [P]
1218 2022 1238 2045 S
1355 2021 1385 2045 16
1404 2019 1476 2052 degi-

215 2066 260 2089 tur
278 2063 311 2090 M
377 2062 463 2096 captis
482 2061 516 2088 M
580 2061 691 2094 fatetur]
711 2062 829 2089 tenebris
847 2063 866 2088 f.
886 2062 938 2088 ΑΡ
1008 2065 1036 2089 17
1057 2063 1088 2094 si]
1108 2063 1147 2088 sic
1165 2062 1198 2089 M
1265 2064 1424 2095 temporum]
1449 2064 1477 2088 et

215 2108 366 2139 temporum
384 2107 514 2138 (tempore
534 2103 637 2136 G¹)LG
736 2106 765 2131 18
784 2107 836 2136 res]
855 2112 883 2131 re
902 2105 927 2131 R
1023 2105 1122 2131 sicalae
1141 2105 1162 2131 S
1257 2112 1350 2138 promo
1372 2104 1402 2135 G,
1420 2104 1476 2137 pri-

215 2156 288 2173 mum
307 2147 333 2173 P
455 2154 594 2174 romanum
617 2147 776 2178 (romianum
797 2146 828 2179 G)
847 2148 1016 2178 arbitratum]
1036 2146 1071 2173 II
1086 2147 1221 2180 (LJIGP),
1239 2154 1379 2173 romanam
1398 2149 1475 2180 pote·

216 2191 316 2217 statem
334 2188 353 2215 I
367 2188 527 2221 (RCNHSA
545 2193 571 2216 et
584 2197 640 2224 pro
658 2189 695 2224 (sl.
715 2189 750 2222 P)
