1593 2409
650 100 741 128 XLIII

64 199 105 231 84
128 196 305 228 Bodleianus
320 192 580 224 Rawlinsonianus
605 194 681 219 auct.
698 188 729 217 F.
746 187 795 216 Ill.
815 188 831 217 7
849 194 925 215 saec.
941 182 1014 217 XII,
1040 180 1214 210 emendatus
1238 185 1327 206 manu

193 246 323 278 secunda
339 254 415 275 saec.
433 243 535 273 eodem
553 245 691 271 exeunte.
722 237 900 276 subscriptio
917 232 1138 264 Theodosiana:
1164 229 1185 259 1.
1204 229 1233 259 S.
1252 227 1331 267 empl.

194 298 244 338 fel.
267 303 302 328 st.
326 301 351 326 et
374 295 423 325 dil.
448 295 539 325 donni
564 292 612 322 Th.
637 294 696 321 inv.
719 299 765 330 pr.

68 353 107 383 85
132 350 311 381 Bodleianus
334 346 593 377 Rawlinsonianus
619 347 696 372 auct.
720 341 753 370 G.
775 342 815 371 45
844 347 920 368 saec.
944 336 1006 365 XII.
1031 334 1158 374 epistula
1189 332 1330 370 inscripta

198 406 242 431 est
264 399 357 430 Iulius
380 398 497 428 Solinus
520 396 686 426 Constantio
709 401 760 422 suo
784 390 914 420 salutem.
946 385 1128 424 subscriptio
1146 383 1238 413 lulius
1256 382 1333 412 Soli-

198 462 253 482 uus
276 451 392 490 emptica
415 449 547 487 feliciter.

71 506 110 537 86
141 503 257 542 collegii
289 502 395 532 Mariae
426 498 614 538 Magdalenae
646 506 675 525 n.
705 496 744 526 50
774 502 850 523 sace.
877 490 925 520 XI.
983 493 1062 519 caret
1086 486 1280 525 inscriptione
1308 488 1335 513 et

201 553 429 592 subscriptione.

72 609 109 640 87
137 606 251 645 collegii
276 604 407 634 omnium
432 602 595 631 animarum
619 600 658 630 97
683 606 760 627 saec.
781 595 843 624 XIV
862 593 1002 623 ineuntis.
1042 588 1222 627 subscriptio
1239 586 1337 615 Theo-

202 657 336 687 dosiana:
361 654 385 684 I.
409 654 438 683 S.
463 652 538 692 ewpl.
561 656 595 681 st.
619 656 644 680 et
668 649 717 678 dil.
741 648 861 686 dornpni
888 644 937 674 le.
962 646 1020 674 inv.
1043 652 1089 682 pr.

160 707 321 740 PARISIIS

75 763 115 794 88
139 772 169 791 n.
190 761 270 792 1702
294 767 351 788 scr.
375 756 470 786 Tolcti
495 765 519 785 a.
540 754 630 785 1396.
685 749 839 788 inscriptio
872 752 940 777 ante
970 745 1162 776 laterculum:
1194 739 1341 778 incipiunt

204 810 331 851 capitula
354 811 385 838 iu
409 808 481 837 libro
509 806 605 835 Solini
627 804 659 833 de
682 799 915 833 memorabilibus
937 797 1047 831 mundi,
1072 796 1141 825 item
1166 797 1233 823 ante
1257 798 1344 829 prae-

206 862 347 892 fationem
365 859 524 898 genuinam
549 858 635 894 (quae
660 853 809 894 praecedit
832 850 990 889 spuriamJ:
1014 848 1115 886 incipit
1135 844 1271 885 proloqus
1288 840 1345 869 So-

209 914 266 943 lini
292 914 324 942 in
348 911 420 941 libro
451 910 483 939 de
504 906 737 938 memorabilibus
760 903 877 936 mttndi,
912 901 982 930 item
1013 904 1081 928 aute
1112 897 1240 926 librum:
1274 892 1346 923 Iulii

208 964 305 994 Solini
333 965 392 992 sive
422 960 598 1000 yramnotici
624 957 776 997 polihistor
807 954 878 983 liber
907 953 1024 990 incipit:
1057 946 1252 986 subscriptio:
1292 952 1346 973 ea:—

207 1016 287 1056 plicit
311 1014 381 1043 liber
404 1012 500 1042 Solini
523 1012 554 1040 de
577 1007 780 1039 memoralibus
802 1004 916 1035 mundi.
966 1001 1037 1032 Iulii
1053 1000 1150 1029 Solini
1164 1001 1224 1028 sive
1246 1004 1347 1034 yram-

209 1068 309 1097 malici
328 1064 481 1105 polihistor
510 1061 642 1101 emplicit,
671 1061 721 1098 qui
749 1057 833 1087 aliter
863 1060 983 1085 vocatur
1006 1052 1124 1082 Solinus
1148 1050 1179 1079 de
1202 1056 1349 1078 memora-

213 1118 316 1148 bilibus
338 1116 449 1146 mundi.

84 1175 123 1206 89
148 1182 178 1202 n.
196 1170 278 1202 4873
295 1177 371 1198 saec.
388 1164 529 1205 Xlllell.
566 1161 719 1200 inscriptio
741 1164 809 1189 ante
832 1157 1047 1197 praefationem
1070 1152 1217 1192 spuriam:
1240 1150 1345 1188 incipit

213 1222 284 1252 liber
310 1219 443 1259 poliistor
472 1216 543 1246 Iulii
571 1214 678 1246 Solinz',
714 1215 782 1241 ante
812 1209 991 1248 genuinam:
1023 1206 1123 1244 incipit
1154 1202 1226 1232 Iulii
1255 1200 1352 1230 Solini

215 1274 286 1303 liber
307 1270 352 1300 vel
373 1268 495 1299 collectio
519 1275 618 1296 rerum
641 1261 889 1295 memorabilium
915 1257 1110 1296 subscriptio:
1136 1254 1253 1294 emplicit
1277 1251 1350 1281 liber

219 1324 248 1355 G.
272 1322 344 1353 Iul-iz·
365 1320 462 1351 Solinz·
491 1317 675 1357 yrainmatici
693 1314 828 1353 poliistor
852 1311 887 1341 ab
916 1313 978 1350 ipso
1002 1309 1093 1338 editus
1117 1312 1141 1336 et
1161 1305 1353 1344 perscriptus.

217 1379 340 1415 propter
363 1380 482 1402 carmen
511 1368 615 1406 Tethya
639 1366 717 1405 quod
742 1365 880 1394 adhaeret
904 1361 969 1391 vide
992 1370 1020 1399 p.
1039 1359 1112 1390 233.

89 1432 129 1462 90
154 1439 184 1459 n.
209 1428 291 1459 5719
315 1434 391 1455 saec.
420 1422 494 1452 XlV.
540 1419 694 1458 inscriptio
732 1422 799 1446 ante
830 1413 1042 1454 praefationem
1074 1409 1223 1448 spuriam:
1254 1407 1356 1444 incipit

220 1478 338 1508 Solinus
360 1476 391 1505 de
413 1471 595 1503 mirabilibus
617 1472 676 1499 sive
699 1466 902 1497 memoralibus
924 1463 1035 1497 mundi,
1060 1467 1127 1490 ante
1151 1459 1277 1489 librum:
1306 1456 1361 1486 Gai

220 1529 290 1559 Iulii
323 1526 419 1556 Solini
451 1527 634 1562 coynomento
670 1519 871 1559 polipltistoris
912 1516 944 1545 de
984 1511 1191 1550 mir(abilibus)
1232 1510 1292 1538 sive
1328 1507 1360 1536 <te

221 1577 448 1617 memoralibus)
477 1574 579 1605 mumli
608 1572 679 1602 liber
715 1571 815 1608 incipit
846 1568 939 1598 studio
971 1571 997 1596 et
1027 1563 1176 1602 diligentia
1209 1559 1360 1589 Theodosii

223 1632 415 1671 imperatoris.
462 1625 640 1664 subscriptio
665 1621 794 1653 evanuit.

45 1686 70 1717 P
96 1688 133 1718 91
161 1696 190 1716 n.
215 1685 297 1715 6810
321 1691 397 1711 saec.
420 1679 454 1715 X,
479 1678 562 1713 olim,
594 1680 627 1705 ut
649 1675 678 1704 in
704 1671 851 1712 principio
876 1670 1002 1708 legitur,
1033 1666 1143 1696 ecclesie
1166 1663 1260 1693 sancti
1282 1660 1361 1690 Lau-

223 1735 347 1769 nomari‚
361 1732 389 1761 id
403 1736 447 1760 est
459 1731 488 1760 S.
502 1730 608 1758 Lomes
621 1726 720 1766 oppidi
735 1724 823 1758 Blois,
838 1722 916 1752 unde
930 1721 999 1750 item
1012 1718 1092 1748 venit
1109 1714 1360 1752 Guelferbytanus

224 1787 312 1820 (infra
325 1794 354 1814 n.
372 1784 452 1819 153).
479 1781 526 1811 hic
539 1784 583 1809 est
594 1787 681 1817 quem
695 1775 856 1806 Salmasius
869 1773 1045 1813 plerumque
1058 1769 1133 1804 (vide
1150 1768 1227 1797 infra
1245 1777 1275 1796 n.
1292 1764 1364 1803 106)

222 1835 381 1877 ‘optimum
404 1829 525 1872 regium'
554 1830 681 1870 appellat
702 1836 851 1867 quemque
875 1823 1068 1863 praecipuum
1093 1819 1232 1850 editionis
1256 1817 1364 1846 sunda-

226 1894 359 1920 mentum
391 1895 455 1916 esse
483 1884 584 1913 voluit.
638 1881 672 1911 ad
702 1879 864 1909 editionem
902 1876 1033 1915 priorem
1063 1872 1157 1902 codex
1186 1870 1294 1899 missus
1324 1873 1367 1897 est

228 1940 400 1972 Berolinum
416 1937 516 1975 ibique
532 1943 640 1972 magno
665 1936 767 1961 nostro
793 1927 949 1959 commodo
966 1925 1077 1955 tamdiu
1094 1927 1239 1957 retentus,
1263 1928 1367 1959 quam-

228 1994 277 2023 diu
301 1991 416 2031 prelum
441 1998 473 2018 ea
497 1985 638 2016 exercuit.
688 1981 830 2022 praefatio
850 1978 963 2009 novicia
987 1986 1045 2006 una
1070 1984 1138 2005 cum
1162 1973 1260 2003 indice
1284 1971 1368 2009 capi-

231 2045 360 2075 tulorum
384 2041 492 2079 legitur
521 2039 549 2068 in
576 2037 645 2066 solio
671 2034 802 2065 solitario
833 2031 943 2070 scripto
974 2039 988 2058 a
1013 2027 1133 2058 librario
1164 2025 1284 2059 eodem,
1319 2021 1369 2051 sed

232 2100 334 2136 postea
356 2093 487 2133 praefixo
513 2087 703 2129 quaternioni
728 2085 835 2125 primo,
860 2082 910 2121 qui
935 2080 1089 2119 quaternio
1115 2077 1220 2116 incipit
1243 2085 1258 2104 a
1283 2083 1371 2113 prae-

236 2147 346 2177 fatione
358 2144 498 2184 genuina.
528 2139 721 2180 praescriptio
737 2136 803 2167 libri
816 2136 887 2165 baec
901 2138 959 2163 est:
976 2132 1005 2162 C.
1018 2131 1078 2161 Iuli
1089 2129 1186 2159 Solini
1199 2129 1256 2157 sive
1272 2134 1372 2164 yram-

238 2199 337 2229 matici
350 2194 508 2235 polyhistor
523 2193 558 2222 ab
575 2194 634 2231 ipso
651 2191 742 2220 editus
758 2193 840 2226 atque
855 2185 1015 2224 recognitus
1026 2182 1135 2222 pariter
1152 2183 1239 2217 atquc
1252 2177 1281 2206 in
1297 2176 1371 2205 San-
