1650 2446
806 95 865 122 220

74 183 125 219 27,
143 184 182 215 53
207 184 292 222 adp.
312 184 381 217 127,
399 184 431 212 4:
457 180 592 223 [basilisci
616 182 755 220 reliquias
778 181 875 221 amplo
899 181 1033 211 sestertio
1058 181 1231 220 Pergameni
1259 189 1411 220 compara—

205 231 321 274 veruut]
347 238 374 263 et
399 231 443 274 [ut
466 233 566 263 aedem
591 234 700 273 Apellis
730 242 818 262 manu
844 233 991 271 insignem
1019 241 1075 262 nec
1097 241 1222 261 araneae
1245 231 1413 261 intexerent

206 294 262 314 nec
285 285 368 314 alites
391 281 577 325 involarent,]
608 285 730 314 cadaver
759 285 822 314 eius
845 283 967 313 reticulo
992 292 1081 313 aureo
1104 291 1281 322 suspensum
1304 282 1411 312 ibidem

206 336 386 365 locaverunt.
411 352 450 356 ——
476 334 548 364 SAP

74 409 123 446 31,
141 414 158 442 5
205 412 242 441 ad
261 422 292 451 p.
311 413 381 447 137,
400 414 452 442 11:
478 408 646 453 [Blemyas,]
678 412 727 441 sed
759 421 819 440 non
851 420 900 440 eos
931 410 979 449 qui
1009 410 1103 439 vicina
1134 409 1234 440 Rubro
1264 411 1337 440 mari
1366 410 1411 440 in-

207 463 324 499 colunt,
356 463 493 501 [credunt
523 468 646 492 truncos
677 463 757 492 nasci
788 466 870 500 parte
902 470 958 500 qua
989 466 1076 500 caput
1104 465 1164 497 est,
1196 471 1228 491 os
1258 466 1356 491 tamen
1385 467 1414 491 et

207 514 309 543 oculos
332 514 440 543 habere
464 514 492 543 in
518 511 660 555 pectore}
684 530 725 534 ——
748 512 821 543 SAP

1448 186 1464 618 OE—lfflv'ubwkcvd

73 588 124 625 32,
143 591 181 620 25
202 601 231 630 p.
252 591 323 625 143,
343 592 379 621 17
399 599 454 630 pro
471 590 656 620 ichneumone
673 589 872 619 substituitur:
897 588 1048 627 enhydrus
1071 587 1253 627 (denhydrus
1267 588 1300 626 A)
1327 586 1413 630 [eon-

208 639 349 682 spicatur]
374 641 498 671 alterum
523 641 757 671 ichneumonum
782 639 1011 680 (inneumonum
1031 639 1077 677 P1)
1100 648 1194 678 genus
1218 656 1257 661 -—-
1281 638 1362 668 SAP¹
1449 645 1463 668 9

143 726 182 756 42
205 727 243 756 ad
263 737 291 766 p.
319 729 387 763 147,
406 728 422 756 5
443 731 507 765 post
537 726 662 755 detinet:
698 725 815 755 condita
845 729 942 753 autem
967 724 1139 754 Alexandria
1169 730 1213 754 est
1242 724 1412 754 duodecima
1436 729 1464 754 10

206 778 425 816 centesimaque
461 777 625 816 olympiade
656 777 688 806 L.
719 776 835 814 Papirio
866 776 979 814 (spurio
1006 777 1058 805 ius.
1084 775 1227 814 LM²GP¹)
1257 777 1306 815 Sp.
1337 777 1356 805 s.
1381 776 1410 806 C.
1436 781 1462 805 11

206 829 283 867 (galo
313 828 347 867 S)
376 829 507 858 Poetelio
539 828 649 867 (petilio
679 826 827 862 LMGAP,
860 826 977 865 paetilio
1007 825 1040 863 S)
1071 827 1242 856 consulibus
1273 827 1413 857 Romanis
1437 832 1464 856 12

206 880 283 909 haud
306 880 395 919 longe
419 880 454 909 ab
480 880 554 909 ostio
578 878 707 908 fluminis
730 877 800 912 Nili,
825 877 903 915 quod
927 877 1151 907 Heracleoticon
1176 878 1222 907 alii
1246 879 1313 914 (om.
1337 877 1411 915 LG),
1436 883 1463 907 13

207 931 253 960 alii
278 931 447 970 Canopicon
473 930 630 970 appellant.
655 948 695 952 -—
719 927 886 958 LMGSAP:
911 931 1002 967 magis
1025 920 1063 958 est
1086 934 1118 958 ut
1139 931 1175 958 sic
1199 928 1293 958 Solz'm'
1436 934 1463 958 14

71 1014 122 1051 33,
144 1017 180 1046 10
204 1018 283 1056 adp.
297 1018 366 1052 149,
388 1018 423 1046 17
437 1021 500 1055 post
517 1015 711 1045 contrahunt:
730 1014 805 1043 idem
818 1013 929 1043 Arabes
941 1013 1043 1052 legunt
1056 1013 1235 1043 cinnamum.
1260 1014 1337 1052 quod
1351 1014 1413 1043 fru-
1438 1019 1464 1043 15

206 1073 314 1097 tectum
333 1068 391 1105 (-to
408 1067 442 1104 A)
459 1067 515 1096 situ
533 1066 613 1095 brevi
639 1065 778 1099 nascitur,
802 1073 883 1093 ramo
908 1064 1009 1094 humili
1033 1069 1062 1093 et
1084 1073 1230 1103 represso,
1255 1074 1415 1103 numquam
1438 1070 1465 1094 16

207 1119 281 1149 ultra
305 1119 376 1148 duas
400 1118 484 1148 ulnas
500 1117 670 1147 altitudinis.
696 1126 754 1155 quo
771 1115 908 1154 gracilius
925 1115 1094 1154 provenerit
1107 1116 1201 1154 (pern.
1216 1115 1258 1154 S),
1276 1115 1413 1145 eximium
1438 1122 1465 1145 17

207 1171 298 1209 magis
312 1169 443 1199 ducitur:
470 1169 547 1207 quod
564 1168 593 1197 in
613 1166 835 1197 crassitudinem
852 1166 1055 1196 extuberatum
1073 1166 1117 1202 sit,
1142 1167 1275 1196 inutilius
1290 1166 1415 1197 habetur
1438 1172 1466 1196 18

208 1221 380 1259 (haberetur
396 1220 440 1257 S).
478 1229 576 1249 verum
595 1219 702 1257 legitur
719 1227 771 1257 per
794 1217 961 1247 sacerdotes
984 1217 1085 1246 hostiis
1108 1218 1191 1256 prius
1214 1218 1314 1253 caesis,
1339 1227 1413 1256 quae
1436 1222 1463 1246 19

208 1281 273 1301 cum
299 1271 445 1301 litaverint
468 1273 566 1306 (-runt
589 1270 636 1306 P),
661 1269 841 1303 observatur,
867 1273 895 1297 ut
920 1268 1023 1297 messis
1047 1277 1102 1297 nec
1126 1274 1222 1298 ortum
1246 1268 1315 1299 solis
1338 1268 1413 1297 anti·
1436 1273 1464 1297 20

207 1323 287 1362 cipet
316 1331 371 1351 nec
401 1321 569 1359 egrediatur
593 1329 739 1350 occasum.
778 1319 910 1358 quisquis
933 1318 1132 1358 principatum
1157 1324 1252 1356 tenet,
1282 1328 1413 1349 sarmen-
1436 1324 1462 1348 21

207 1379 304 1403 torum
321 1378 416 1402 strues
432 1372 512 1401 hasta
529 1371 639 1407 dividit,
663 1380 737 1410 quae
754 1375 864 1400 sacrata
881 1374 925 1399 est
947 1369 976 1398 in
1000 1369 1056 1399 hoc
1079 1379 1188 1400 munus
1212 1372 1352 1408 (mununt
1368 1371 1413 1407 A),
1437 1375 1464 1399 22

206 1430 294 1463 atque
323 1424 360 1453 ita
392 1423 489 1462 portio
519 1422 737 1461 manipulorum
762 1422 821 1451 Soli
852 1421 979 1450 dicatur:
1009 1429 1083 1459 quae
1111 1421 1134 1450 si
1158 1421 1233 1451 iuste
1257 1421 1344 1451 divisa
1367 1422 1413 1457 sit,
1436 1426 1464 1450 23

208 1476 294 1505 radiis
330 1475 480 1513 inssagrata
518 1474 701 1503 incendium·
724 1472 863 1511 concipit.
894 1489 934 1494 --
965 1471 1044 1501 SAP.
1091 1471 1218 1511 Repetite
1248 1472 1313 1502 haec
1347 1477 1414 1502 suut
1436 1477 1464 1501 24

205 1529 306 1566 paucis
331 1527 490 1556 immutatis
513 1534 550 1555 ex
573 1524 668 1554 Solz'ui
690 1526 780 1564 capite
804 1525 835 1554 de
857 1523 1004 1562 Aethiopia
1021 1524 1071 1559 30,
1089 1524 1137 1553 30.
1155 1524 1204 1554 31.
1435 1527 1464 1550 25

75 1611 126 1649 37,
148 1615 182 1643 15
207 1612 244 1641 ad
262 1622 291 1651 p.
312 1613 381 1646 159,
403 1613 434 1641 11
463 1611 495 1639 de
511 1612 610 1640 aetite.-
635 1609 785 1639 subnexus
808 1618 890 1647 spem
915 1608 990 1638 uteri
1007 1608 1139 1637 defendit
1155 1617 1169 1637 a
1186 1607 1312 1637 fluxibus
1327 1607 1414 1636 abor·
1437 1612 1464 1636 26

208 1663 290 1691 tivae.
304 1679 345 1684 —
354 1662 427 1692 SAP
437 1671 501 1692 cum
514 1661 609 1691 Plinio
623 1666 647 1690 et
656 1660 816 1695 Prisciano,
833 1665 864 1689 ut
877 1659 943 1689 haec
955 1661 1045 1698 mayz's
1057 1659 1210 1688 videantur
1221 1667 1277 1688 esse
1289 1660 1414 1697 yenuina
1436 1663 1464 1686 27

79 1747 129 1785 39,
150 1750 162 1779 1
211 1748 248 1777 ad
265 1757 296 1786 p.
318 1749 385 1782 164,
410 1748 446 1777 13
471 1747 502 1776 de
525 1752 620 1777 monte
646 1746 795 1776 Chimaera
817 1744 918 1784 Lyciae
943 1750 1007 1783 post
1031 1743 1158 1773 exhalat:
1209 1743 1287 1773 unde
1316 1742 1413 1772 sabula
1435 1746 1464 1771 28

209 1798 351 1827 triformis
374 1798 498 1827 monstri
522 1798 550 1827 in
574 1798 693 1836 vulgum
717 1796 780 1826 data
816 1800 868 1831 est,
893 1795 970 1833 quod
995 1794 1176 1824 Chimaeram
1200 1793 1307 1823 animal
1329 1797 1413 1832 puta·
1435 1798 1463 1822 29

210 1854 323 1878 verunt.
359 1865 395 1870 —
428 1848 502 1877 SFP
533 1849 566 1885 (Α
596 1848 699 1887 deficit)
1435 1848 1463 1872 30

76 1934 126 1971 40,
145 1938 162 1966 4
208 1934 282 1973 adp.
303 1935 371 1969 166,
391 1936 443 1964 14:
461 1932 637 1972 [Alexander
650 1932 774 1970 Magnus
788 1954 794 1960 .
809 1953 815 1960 .
829 1953 835 1959 .
850 1935 935 1960 natus
948 1927 1003 1970 est]
1023 1929 1072 1968 qui
1086 1929 1188 1965 oritur,
1202 1934 1233 1958 ut
1244 1929 1342 1967 Nepos
1355 1928 1413 1958 edit
1435 1933 1462 1957 31

210 1984 344 2023 (seditS),
362 1984 398 2014 M.
412 1984 502 2014 Fabio
516 1983 659 2014 Ambusto
672 1982 836 2017 T.Quintio
851 1981 1015 2020 Capitolino
1026 1978 1196 2019 (capitalino
1211 1979 1247 2017 P)
1261 1989 1331 2015 cos.‚
1348 1984 1413 2018 post
1435 1984 1464 2008 32

210 2037 330 2065 Romam
356 2036 503 2065 conditam
527 2045 606 2065 anno
630 2033 837 2064 trecentesimo
862 2032 1063 2072 octogensimo
1088 2031 1202 2069 quinto.
1226 2047 1266 2052 —
1290 2030 1365 2060 SAP
1435 2036 1463 2060 33

77 2121 130 2159 4⁶2,
147 2124 164 2154 3
211 2122 247 2151 ad
265 2132 295 2161 p.
315 2123 384 2158 172,
404 2124 441 2152 10
464 2126 524 2160 post
542 2120 667 2160 expulit:
692 2118 875 2161 [fflannibab
891 2117 997 2147 veneni
1012 2117 1081 2146 mali
1098 2116 1204 2155 poculo
1221 2115 1346 2145 animam
1364 2125 1412 2145 ex·
1435 2120 1463 2144 34

210 2170 294 2215 pulit]
319 2177 346 2202 et
370 2182 384 2202 a
405 2172 544 2202 Romanis
567 2181 598 2201 se
622 2170 745 2200 vinculis
768 2174 862 2199 morte
886 2168 1015 2198 defendit
1038 2167 1111 2197 SAP
1435 2171 1463 2195 33
