1593 2409
630 112 693 139 LXI

352 205 502 237 relationis
518 213 546 242 p.
564 202 636 236 219,
655 199 769 232 3-29,
795 205 855 226 non
874 196 1011 231 negasset
1034 200 1060 219 c.
1075 191 1103 224 7,
1123 189 1161 219 15
1186 184 1297 215 insulas

352 257 453 289 oceani
481 250 721 294 septentrionalis
744 245 901 278 memorari
924 246 956 274 in
988 242 1069 272 libris
1092 244 1258 272 auctorum,
1283 245 1298 264 a

355 309 463 348 quibus
497 305 653 335 destitutus
687 299 887 331 narrationem
926 295 964 324 ibi
1007 291 1145 332 apposuit
1177 288 1301 318 alicuius

357 360 515 401 presbyteri
535 355 672 394 relz'yz'osi.

124 419 238 449 Horum
267 415 410 445 librorum
440 409 635 450 proprietates
664 408 695 433 ut
719 401 932 440 explanentur,
965 401 1170 435 proponemus
1201 399 1300 420 exem-

40 472 95 511 plis
107 469 224 501 selectis
236 467 380 497 lectiones
393 462 521 502 primum
538 458 564 489 R
581 462 609 487 et
631 455 654 486 C
666 454 841 492 singulares,
865 448 971 480 deinde
987 446 1106 483 utrique
1120 450 1303 475 communes,

40 524 111 553 item
127 521 262 551 codicum
280 517 309 547 N
323 520 352 545 et
364 513 464 544 *Hvel
477 510 645 550 Hprimum
663 505 837 545 singulares,
856 501 962 531 deinde
979 499 1013 528 iis
1030 504 1213 529 communes,
1238 501 1305 521 mox

41 574 185 604 lectiones
211 570 299 600 huius
324 565 424 597 classis
457 561 622 600 singulares
645 568 660 588 a
685 557 749 595 lege
775 551 929 584 communi
953 548 1144 583 recedentes,
1176 545 1305 583 denique

43 625 165 656 mendas
187 622 270 653 libris
293 617 431 649 omnibus
454 612 567 644 RCNH
589 611 651 641 Dz‘c.
677 615 860 639 communes.

441 690 476 728 R
504 699 644 726 errores
673 684 888 731 singulares.

152 762 181 796 9,
201 759 238 790 10
263 754 410 796 profunda
433 751 557 789 caligine
581 758 638 778 om.

133 812 240 847 11,15
264 813 318 838 ut.
337 829 343 835 .
362 829 368 835 .
387 828 393 834 .
420 805 458 835 16
483 811 562 831 auno
587 809 642 830 om.

135 864 184 899 12,
203 862 241 892 17
266 858 356 889 edidit
378 866 434 886 om.

136 914 184 948 12,
200 914 239 943 21
265 910 420 940 hominum
444 916 502 936 om.

136 967 187 1000 40,
225 964 244 994 9
269 959 345 1000 capi]
370 958 467 997 capite

138 1015 245 1052 5212
268 1011 426 1042 Gelonium
449 1013 585 1046 stagnum
609 1014 665 1034 om.

140 1069 190 1103 54,
208 1068 246 1097 10
271 1058 394 1102 Aetnae]
420 1063 540 1089 aeterua

140 1119 191 1153 57,
211 1118 248 1148 15
272 1108 434 1152 alluuntur]
459 1108 637 1139 clauduntur
660 1114 724 1135 cum
750 1102 784 1132 02

141 1171 192 1205 66,
212 1168 249 1199 19
273 1167 424 1196 Romanae
448 1156 570 1201 gloriae]
596 1165 735 1186 romanae
760 1152 903 1184 ecclesiae

143 1221 194 1256 85,
233 1219 251 1249 9
276 1214 337 1257 eos]
361 1215 464 1244 iudeos

145 1271 252 1307 85,16
276 1261 477 1305 Sauromatas]
502 1265 633 1292 aromata

125 1324 196 1357 121,
213 1323 231 1352 9
254 1313 402 1359 hyeniam]
426 1323 531 1354 yenam

467 1389 498 1427 C
517 1400 656 1426 errores
685 1384 905 1433 singulares.

146 1459 276 1488 Numero
300 1454 455 1494 pauciores
478 1455 548 1481 sunt
571 1458 659 1488 quam
682 1447 712 1476 in
736 1444 861 1485 gemello
880 1441 905 1471 R
929 1445 958 1471 et
981 1437 1098 1477 saepius
1115 1435 1171 1465 orti
1196 1442 1231 1463 ex
1255 1431 1325 1461 salsa

63 1510 198 1541 doctrina
222 1516 309 1546 quam
334 1514 369 1535 ex
393 1501 591 1542 neglegentia.

154 1562 202 1595 19,
222 1559 259 1590 18
284 1553 450 1595 ingenium]
475 1552 629 1591 ingenium
654 1549 750 1578 ualeat

153 1613 203 1647 31,
220 1611 260 1641 20
284 1603 420 1647 laterum]
444 1605 566 1634 litorum

154 1665 203 1698 50,
223 1663 261 1692 14
285 1667 407 1697 campus
430 1650 610 1693 Hennensis]
635 1659 756 1689 campus
780 1646 933 1678 ethnensis

136 1713 263 1748 156,16
287 1705 421 1749 Catoten]
446 1704 611 1737 catochiten

458 1789 530 1827 RC
552 1800 691 1826 errores
719 1795 939 1823 communes.

159 1859 324 1889 Commune
354 1853 508 1890 utriusque
538 1849 604 1879 libri
634 1848 827 1886 archetypum
861 1848 979 1883 praeter
1014 1849 1130 1870 errores
1165 1837 1236 1867 alios
1273 1844 1334 1864 non

74 1920 184 1951 paucos
207 1907 333 1939 subinde
358 1914 411 1944 pro
435 1902 578 1933 vocabulo
603 1900 728 1930 maxime
751 1895 946 1927 insolentiore
969 1891 1047 1923 aliud
1071 1888 1223 1920 substituit
1245 1886 1337 1926 signi-

75 1961 212 1992 ficatione
235 1958 336 1989 eadem
367 1956 442 1994 (vide
471 1954 547 1984 infra
573 1953 629 1986 17,
655 1953 682 1981 1.
709 1951 785 1985 164,
812 1949 859 1979 13.
886 1948 961 1982 174,
994 1945 1022 1974 2.
1047 1944 1075 1974 3.
1102 1942 1181 1976 175,
1214 1941 1241 1970 5.
1268 1938 1338 1971 176,

79 2015 128 2044 10.
156 2012 223 2046 191,
250 2009 310 2046 10).
355 2007 466 2046 glossas
490 2012 609 2043 quoque
635 2001 772 2031 habuerit
798 2007 920 2029 necesse
945 2000 1004 2031 est,
1035 2003 1101 2024 cum
1126 1993 1184 2027 47,
1210 1993 1248 2022 10
1274 1993 1339 2028 post

78 2063 282 2101 scaturrigines
309 2059 332 2089 G
352 2058 381 2088 in
412 2062 494 2086 textu
518 2055 640 2090 habeat,
671 2052 722 2083 sed
752 2051 898 2085 deletum,
930 2048 960 2077 id
992 2051 1031 2076 esc
1055 2044 1238 2077 euullientes,
1270 2041 1340 2069 item

409 2112 524 2138 nectunt

84 2157 210 2192 128,15
234 2154 264 2183 in
290 2153 315 2183 R
338 2152 376 2182 sit
397 2155 532 2181 ‘neaeuunt
556 2157 646 2178 manu
669 2146 770 2176 eadem
794 2150 971 2181 utrumque,
996 2139 1045 2169 ubi
1075 2140 1207 2167 neoemmt
1231 2134 1341 2164 habent

83 2208 140 2243 CN,
163 2209 279 2236 nectunt
303 2203 418 2241 reliqui.
