1650 2446
89 559 138 595 11,
160 560 196 591 18

92 900 144 937 22,
164 903 201 932 10

93 1037 144 1073 27,
162 1039 178 1068 7

98 1667 148 1704 39,
167 1669 185 1698 2

283 405 516 443 CODIOVM
544 400 1030 441 HEIDELBERGENSIS
1060 398 1401 444 SIMILIVMQVE
1460 408 1473 432 1

646 460 1040 499 ADDITAMENTA.

1461 466 1475 490 Ν

220 561 257 591 ad
273 571 302 600 p.
321 561 369 595 74,
393 560 429 590 13
450 563 514 598 post
536 557 643 596 Ogygi:
668 556 830 586 secundum
853 554 992 583 diluvium
1017 554 1071 583 fuit
1094 553 1123 582 in
1148 552 1254 581 Achaia
1271 551 1357 580 Iacob
1374 559 1425 590 pa-

223 611 350 641 triarche
374 615 403 639 et
426 609 537 648 Ogygy.
554 625 594 630 ω
612 608 696 637 Rern.
721 610 791 641 (non
808 605 901 642 Heid.)
925 614 961 634 ew
983 604 1092 634 Isidoro
1112 603 1160 639 13,
1177 604 1226 638 22,
1244 604 1272 634 3.
1309 602 1426 631 eandem

222 661 475 701 interpolationem
491 658 698 698 amplificatam
713 658 792 687 habet
809 656 960 686 Palatinus
977 655 1046 689 886,
1064 664 1100 684 ew
1111 663 1163 693 quo
1177 654 1263 683 edidit
1275 652 1426 682 Stowasses

224 724 251 753 p.
270 714 304 749 33
329 714 429 751 incipit
445 710 573 750 primum
589 709 729 738 diluvium
747 730 753 736 .
773 730 778 736 .
797 730 802 736 .
820 717 853 736 ac
869 706 974 746 pelagi,
999 706 1097 735 deinde
1112 707 1202 745 spatio
1224 713 1313 734 vacuo
1336 705 1426 733 inter-

218 767 312 804 posito
330 763 492 793 secundum
511 761 649 790 diluvium
669 781 760 789 .....
774 758 844 788 fovit
860 762 889 787 et
904 757 983 787 aluit.
1008 756 1030 786 S
1043 756 1175 786 similiter
1191 755 1426 789 Barberinianus,

224 816 271 846 sed
294 816 432 853 incipiens
456 823 473 842 a
496 811 589 841 verbis
611 810 775 841 seeundum
799 809 948 838 diluvium.

1461 556 1478 834 cedentum—2¹³

225 901 262 931 ad
284 910 314 939 p.
334 900 404 934 102,
428 900 466 929 14
497 898 528 927 de
554 901 668 935 yayate:
704 895 727 925 si
756 894 935 924 beneficium
965 892 1131 931 (requiras),
1161 891 1280 931 ydropis
1308 890 1429 920 morbus
1465 895 1479 919 9

226 953 303 982 illam
328 950 513 990 portantibus
536 947 714 978 beneficium
738 949 874 985 praestat.
914 944 950 974 H.
1453 946 1480 970 10

225 1038 262 1067 ad
280 1047 309 1076 p.
329 1037 401 1071 116,
421 1037 457 1066 15
477 1038 542 1074 post
565 1033 713 1062 dabimus:
738 1030 862 1060 Atii-icae
879 1028 1058 1068 princiPium
1083 1032 1126 1057 est
1149 1037 1163 1057 a
1187 1026 1295 1056 finibus
1318 1026 1431 1065 Egipti-
1454 1030 1481 1055 11

226 1098 327 1124 orum,
358 1087 435 1125 quod
460 1091 504 1115 est
526 1083 719 1114 Alexandriae
741 1091 796 1121 per
817 1081 888 1118 (cod.
913 1081 943 1119 p)
967 1079 1123 1117 anticipata
1151 1078 1274 1108 deserta.
1312 1077 1432 1107 ultimus
1455 1082 1483 1106 12

227 1145 324 1169 autem
354 1138 421 1168 sinis
452 1138 528 1167 illius
557 1136 679 1165 Athlans
708 1133 896 1170 insulesquae
923 1130 1129 1165 occidentales,
1159 1138 1231 1168 quas
1257 1129 1433 1158 Fortunatas
1455 1132 1483 1157 13

226 1195 340 1220 vocant..
373 1189 456 1218 cuius
472 1189 526 1217 liae.
543 1192 613 1217 sunt
629 1184 807 1225 principales
823 1182 1005 1222 provinciae:
1030 1180 1122 1216 Libia,
1140 1180 1309 1219 Cyrenaica,
1326 1180 1431 1209 Penta-
1455 1183 1483 1208 14

226 1242 310 1281 polis,
334 1240 480 1278 Etliiopia,
505 1238 696 1277 Tripolitana,
721 1234 898 1269 Bizancium,
930 1233 1052 1267 Getulia,
1078 1231 1222 1266 Katabria,
1246 1230 1380 1260 Numidia
1404 1235 1432 1259 et
1455 1234 1482 1258 15

226 1292 414 1328 Mauritania,
430 1291 522 1320 Sirtes
535 1289 661 1319 maiores
676 1288 717 1327 (et
729 1287 821 1316 Sirtes
837 1285 968 1314 minores
983 1284 1046 1313 add.
1062 1283 1171 1320 Rem).
1199 1282 1333 1311 Flumina
1346 1290 1432 1320 prae·
1455 1283 1483 1309 16

226 1345 312 1383 cipua
326 1343 423 1373 Nilum
441 1347 469 1371 et
481 1341 612 1371 Malvarn.
636 1339 751 1368 Montes
764 1336 938 1376 praecipuos
951 1343 1086 1373 asperum
1098 1333 1220 1362 Athlans
1233 1338 1261 1362 et
1273 1332 1431 1367 Astrixum,
1455 1335 1483 1360 17

228 1395 278 1434 qui
294 1394 394 1424 dividit
411 1394 489 1423 inter
502 1392 593 1421 vivam
602 1396 709 1420 terram
719 1387 1025 1419 etharenasiacentes.
1053 1384 1126 1415 Hem
1138 1384 1248 1414 Isidoro
1267 1384 1381 1419 14,5‚3
1393 1391 1432 1421 sq.
1456 1386 1484 1411 18

188 1483 199 1490 '
228 1481 266 1510 ad
284 1480 400 1519 p.121,
427 1479 464 1509 12
492 1483 555 1517 post
585 1475 856 1515 pronuntiaverunt
881 1472 912 1501 de
940 1471 1067 1509 hyaena.-
1095 1474 1158 1507 estq
1183 1469 1279 1498 uidem
1300 1450 1432 1507 parvum,
1456 1471 1484 1496 19

230 1532 280 1561 sed
304 1531 446 1561 rusticum
464 1528 580 1563 animal,
606 1531 692 1556 nocte
708 1525 864 1564 sepulchra
881 1522 1050 1562 perfodiens
1066 1525 1095 1550 et
1110 1519 1298 1550 cadaveribus
1313 1527 1434 1548 vescens
1456 1522 1484 1547 20

229 1588 422 1612 mortuorum.
461 1580 497 1610 H.
642 1602 645 1603 γ
1456 1573 1484 1598 21

228 1673 291 1707 post
309 1666 472 1697 visentibus
486 1676 514 1704 p.
532 1666 600 1699 165,
615 1666 648 1694 5:
675 1672 742 1692 nam
755 1661 821 1691 Asia
834 1669 887 1699 per
900 1664 990 1688 totam
1006 1656 1164 1687 transversi
1182 1656 1296 1695 plagam
1313 1654 1434 1684 orientis
1456 1659 1486 1683 22

231 1719 408 1749 extenditur.
445 1717 528 1747 cuius
540 1717 593 1745 liae
605 1720 674 1744 sunt
687 1711 864 1753 principales
877 1709 1061 1749 provinciae:
1091 1706 1243 1741 Archadia,
1257 1706 1348 1742 India,
1364 1706 1433 1734 Par·
1456 1710 1485 1734 23

230 1771 280 1805 sia,
305 1770 389 1804 Siria,
414 1768 544 1802 Persida,
568 1767 671 1800 Media,
696 1762 915 1802 Mesopotamia,
934 1758 1125 1799 Cappadocia,
1143 1756 1312 1791 Palaestina,
1330 1756 1433 1785 Arme-
1457 1760 1485 1784 24

231 1821 288 1856 nia,
298 1820 406 1855 Cilicia,
420 1818 565 1853 Faenicia,
579 1817 711 1851 Cbaldca,
725 1814 843 1848 Isauria,
857 1812 997 1850 Aegiptus
1010 1814 1039 1839 et
1050 1809 1142 1838 Libia.
1168 1808 1307 1837 Continet
1319 1807 1434 1845 Colpos,
1459 1811 1486 1834 25

231 1871 371 1906 Albanos,
396 1871 508 1904 Partos,
533 1869 624 1897 Simas
648 1873 677 1897 et
694 1867 848 1896 Hircanos.
883 1862 1044 1899 Precipuos
1061 1860 1149 1889 habet
1164 1864 1280 1888 montes
1296 1858 1435 1892 Taurum,
1458 1862 1487 1885 26

233 1923 382 1961 Olimpum
407 1926 435 1951 et
452 1921 622 1950 Caucasum.
661 1917 794 1947 Flumina
819 1914 975 1953 praecipua
1000 1911 1115 1945 Indum,
1139 1910 1261 1948 Tigrim,
1284 1909 1434 1943 Eufraten,
1458 1912 1486 1936 27

234 1974 368 2014 Idaspen,
393 1973 508 2011 Ganges
532 1975 561 2000 et
583 1969 715 1999 Tanaim.
757 1967 786 1996 H
807 1975 844 1996 ew
867 1965 975 1995 Isidoro
996 1964 1178 2002 potissimum
1197 1963 1245 1997 14,
1264 1963 1292 1996 3,
1309 1961 1378 1998 sssq.
1459 1962 1487 1987 28

232 2061 269 2090 ad
292 2070 322 2099 p.
346 2059 415 2093 183,
436 2059 454 2088 9
482 2058 513 2086 de
535 2056 635 2086 India:
666 2051 691 2095 [a
714 2052 876 2082 meridiano
899 2050 971 2080 mari
990 2044 1138 2087 porrecta]
1163 2055 1256 2085 usque
1279 2045 1315 2074 ad
1339 2049 1435 2074 ortum
1459 2048 1487 2072 29

234 2112 302 2141 solis
326 2115 354 2139 et
377 2120 392 2139 a
416 2108 627 2148 septemtrione
651 2114 744 2143 usque
768 2103 801 2132 ad
826 2106 955 2132 montem
980 2100 1140 2129 Caucasum
1171 2097 1314 2136 pervenit.
1352 2095 1380 2125 H
1402 2104 1438 2124 ea>
1460 2099 1488 2123 30

233 2163 342 2193 Isidoro
363 2165 410 2197 14,
429 2162 455 2196 3,
473 2162 500 2190 5.
1460 2150 1487 2174 31
