1593 2409
758 71 796 100 13

65 175 126 196 son.
165 169 177 193 1
201 167 290 203 prout
318 163 411 202 patria
441 162 583 201 cuiusque
614 160 783 190 admonebit
812 159 903 189 simus
932 158 1079 193 notaturi,
1110 157 1173 186 iure
1200 156 1234 185 ab
1258 166 1292 186 eo
1316 156 1408 195 potis—

164 220 178 244 2
200 214 305 245 simum
330 214 488 250 ordiemur,
513 213 590 252 quod
615 221 714 243 rerum
739 216 843 241 natura
866 220 970 240 sensus
993 209 1101 239 iudicio
1125 213 1152 238 et
1177 207 1299 237 rationis
1322 216 1408 245 capa-

163 271 177 295 3
200 266 286 296 citate
310 265 482 305 praeposuit
505 265 653 294 omnibus.

0 343 2 349 .
36 329 79 349 PL.
98 321 125 356 7,
164 323 177 347 4
279 316 409 358 ultaque
439 321 472 346 ut
494 316 680 346 Democritus
709 314 848 353 physicus
872 312 1010 347 ostendit,
1028 311 1038 350 {l
1056 312 1162 341 mulier
1184 312 1278 340 solum
1304 310 1411 339 animal
1435 307 1464 344 1,
1489 310 1527 338 54

3 371 128 403 63-65
165 375 179 399 5
202 369 381 399 menstruale
404 373 462 403 est,
493 367 577 397 cuius
600 367 742 405 profluvia
766 374 826 394 non
852 364 948 403 parvis
971 367 1101 402 spectata
1124 362 1310 392 documentis
1334 362 1411 391 inter

164 426 178 450 6
201 420 381 450 monstrifica
398 419 504 449 merito
521 422 726 448 numerantur.
764 420 917 446 contactae
934 415 979 444 his
995 415 1094 452 fruges
1113 423 1171 443 non
1190 412 1410 451 germinabunt,
1436 412 1474 441 55

165 478 178 502 τ
201 477 337 502 acescent
365 475 476 506 musta,
506 469 672 499 morientur
701 467 825 502 herbae,
855 467 991 496 amittent
1021 466 1143 494 arbores
1174 466 1265 500 setus,
1297 465 1408 493 serrum

164 529 178 552 S
202 522 304 562 robigo
322 522 472 561 corripiet,
496 521 667 559 nigrescent
683 528 759 554 aera,
783 518 807 548 si
824 518 893 557 quid
910 527 998 547 canes
1015 517 1083 546 inde
1103 516 1217 545 ederint
1242 516 1271 545 in
1297 515 1408 544 rabiem

164 581 178 604 9
201 574 420 609 efferabuntur,
455 572 583 602 nocituri
616 571 764 600 morsibus
798 569 906 608 quibus
936 569 1130 607 lymphaticos
1157 567 1278 597 faciunt.
1324 575 1410 606 parva
1436 565 1475 595 56

151 629 179 653 10
202 624 273 654 haec
306 629 386 654 sunt.
431 623 563 654 bitumen
594 623 623 652 in
655 622 760 652 iudaea
789 622 866 660 quod
898 620 1076 660 Asphaltites
1105 620 1200 658 gignit
1229 618 1308 648 lacus
1339 618 1411 646 adeo

151 680 178 704 11
201 675 313 704 lentum
337 675 458 705 mollitie
481 675 644 714 glutinosa,
674 678 707 702 ut
729 683 745 702 a
767 683 799 703 se
824 678 951 711 nequeat
974 672 1113 710 separari,
1138 671 1288 700 enimvero
1313 669 1336 699 si
1359 669 1411 698 ab·

151 731 179 755 12
201 736 341 766 rumpere
358 731 469 766 partem
487 726 567 761 velis,
592 725 767 754 universitas
784 729 925 763 sequetur
941 723 1096 761 scindique
1121 732 1180 752 non
1205 726 1313 761 potest,
1338 730 1412 759 quo-

151 783 178 807 13
202 778 279 807 niam
297 778 326 807 in
351 783 495 816 quantum
518 778 643 807 ducatur
667 776 845 806 extenditur.
884 775 935 804 sed
958 774 1009 804 ubi
1033 774 1147 804 admota
1172 773 1282 802 suerint
1306 781 1412 801 eruore

151 833 179 857 14
201 828 249 858 illo
274 829 384 868 polluta
408 830 469 866 {ila⁷
500 834 607 868 sponte
631 828 825 867 dispergitur,
854 833 882 856 et
905 827 1040 865 adplicita
1064 826 1129 855 tabe
1153 824 1301 854 diducitur
1324 822 1411 862 paulo

151 884 178 908 15
201 885 270 909 ante
300 890 409 920 corpus
438 890 546 916 unum,
578 881 668 918 litque
699 880 734 908 de
763 879 921 908 tenacitate
951 887 1064 907 conexa
1092 876 1271 915 contagione
1295 874 1414 913 partitio

0 934 70 969 ‚28,
88 935 126 965 77
150 935 178 960 16
201 931 366 970 repentina.
417 930 427 971 ΙΙ
450 931 539 961 habet
569 932 656 970 plane
687 931 759 960 illud
789 931 819 960 in
850 940 881 960 se
910 930 1006 959 solum
1036 929 1176 963 salutare,
1209 927 1287 965 quod
1312 925 1416 955 avertit
1440 925 1478 954 57

0 1008 3 1014 .
20 986 69 1018 28Ί
88 985 127 1016 82
152 987 178 1011 17
201 982 281 1012 sidus
298 983 428 1012 Helenae
445 983 727 1021 perniciosissimum
746 981 963 1020 navigantibus.
1002 979 1013 1020 Η
1031 985 1161 1009 ceterum
1180 979 1260 1017 ipsae
1277 977 1415 1011 feminae,

153 1038 180 1062 18
204 1034 311 1072 quibus
334 1044 443 1063 munus
467 1039 511 1063 est
534 1034 717 1063 necessitatis
740 1034 841 1068 huius⁷
873 1032 1011 1071 quamdiu
1036 1031 1095 1060 sint
1118 1031 1147 1059 in
1173 1039 1223 1060 sua
1247 1030 1327 1067 lege,
1354 1038 1415 1057 non

153 1089 180 1113 19
204 1085 417 1115 innocentibus
440 1085 532 1114 oculis
556 1090 753 1114 contuentur:
783 1089 902 1123 aspectu
928 1083 1046 1122 specula
1070 1083 1181 1116 vitiant,
1210 1081 1247 1110 ita
1271 1085 1303 1109 ut
1326 1079 1415 1109 hebe-
1442 1078 1481 1108 58

152 1141 180 1165 20
202 1141 280 1166 tetur
309 1137 372 1166 visu
402 1136 500 1175 fulgor
530 1137 660 1165 offensus
691 1141 720 1165 et
748 1135 863 1165 solitam
895 1134 1125 1164 aemulationem
1149 1132 1246 1161 vultus
1270 1131 1417 1160 extinctus

153 1193 180 1217 21
204 1188 345 1227 splendor
373 1188 484 1217 amittat
512 1187 659 1225 faciesque
683 1187 803 1216 obtunsi
828 1186 932 1215 nitoris
956 1184 1080 1223 quadam
1104 1184 1229 1222 caligine
1256 1182 1417 1212 nubiletur.

0 1252 25 1272 L.
43 1244 72 1277 7,
89 1243 128 1272 57
152 1244 181 1268 22
283 1237 293 1280 ss
310 1239 467 1268 Mulierum
484 1238 556 1268 aliae
573 1238 602 1267 in
621 1242 775 1267 aeternum
793 1238 907 1268 steriles
930 1241 1009 1269 suut,
1033 1236 1105 1264 aliae
1129 1234 1248 1264 mutatis
1272 1233 1418 1272 coniugiis
1443 1233 1481 1264 59

153 1295 180 1320 23
203 1296 316 1320 exuunt
345 1291 544 1326 sterilitatem⁷
576 1289 738 1319 nonnullae
768 1293 882 1319 tantum
913 1288 1003 1318 semel
1034 1286 1172 1326 pariunt,
1202 1285 1344 1324 quaedam
1369 1289 1418 1314 aut

241 1365 345 1393 RCNH
365 1365 470 1400 LM(B)
489 1364 563 1391 SAP

243 1417 266 1435 v.
285 1411 301 1434 4
318 1409 413 1435 mulier
425 1424 456 1427 -—
470 1410 501 1434 14
520 1407 684 1441 dispergitur
703 1406 859 1441 compilavit
877 1405 1003 1432 Isidorus
1026 1407 1064 1436 11,
1085 1407 1108 1435 1,
1130 1406 1186 1430 140.
1209 1406 1265 1430 141.

245 1471 254 1494 1
283 1476 375 1494 sumus
394 1467 435 1493 Na
506 1470 520 1493 2
545 1466 700 1493 ordinemur
718 1466 743 1492 R
813 1467 910 1496 rerum]
930 1465 1048 1491 ferarum
1068 1464 1097 1489 H
1166 1463 1313 1496 capacitati
1332 1462 1352 1488 S

158 1514 173 1537 4
192 1511 320 1545 physicus
340 1519 391 1537 om.
407 1510 428 1537 C
529 1509 654 1540 ostendit]
674 1509 793 1535 insinuat
806 1507 860 1534 III
873 1507 954 1539 (AP2)
1059 1508 1073 1532 6
1092 1506 1265 1532 monstrifera
1284 1504 1322 1530 Ηί

158 1556 171 1580 7
192 1556 319 1579 arescent
337 1554 373 1584 Α,
396 1553 537 1579 acrescent
555 1551 591 1578 Ρ2
678 1554 817 1577 morentur
835 1551 865 1577 M
952 1550 1050 1576 fertum
1070 1548 1109 1574 Ra
1197 1550 1210 1574 S
1230 1548 1332 1579 robigo]
1352 1546 1420 1573 L1P.

157 1596 252 1630 rubigo
277 1595 378 1629 reliqui
498 1595 521 1621 si
545 1595 590 1628 qui
609 1602 689 1620 canes
708 1593 835 1620 Isidorus
955 1592 1048 1618 rabiae
1067 1591 1252 1617 effarabuntur
1271 1590 1303 1616 M

158 1642 173 1666 9
196 1639 360 1673 lipistaticos
378 1638 406 1664 H
510 1645 597 1671 parua
620 1638 688 1663 haec
708 1639 771 1663 sunt
789 1645 839 1662 om.
859 1635 890 1662 M
909 1635 978 1666 (ride
994 1635 1083 1668 insi-11)
1190 1637 1218 1659 10
1239 1634 1309 1667 quod
1328 1641 1377 1658 om.
1398 1632 1424 1658 P

151 1681 335 1717 probabiliter
439 1680 599 1714 asphaltites
627 1681 675 1711 (sic
700 1679 762 1710 LP,
789 1679 928 1712 aspaltites
956 1676 996 1709 M)
1023 1677 1064 1704 vel
1091 1676 1232 1708 asfaltites]
1260 1676 1311 1702 ass.
1339 1683 1421 1701 uoca-

157 1727 202 1750 tur
216 1724 242 1750 H
295 1724 384 1750 lacum
398 1723 425 1749 H
478 1722 544 1749 adeo
563 1723 673 1754 lentum]
693 1722 864 1748 adcolentum
884 1721 908 1747 R
964 1723 990 1747 11
1013 1719 1140 1746 mollitiae
1157 1719 1293 1752 glutinosa
1312 1721 1341 1744 ut
1359 1726 1375 1744 a
1393 1726 1422 1744 re

157 1767 216 1799 (sic)
225 1770 292 1802 post
305 1769 319 1792 9
333 1766 438 1793 faciunt
451 1765 506 1796 (ubi
519 1774 571 1791 om.
584 1774 611 1799 p.
624 1765 651 1791 h.
668 1769 740 1795 sunt)
754 1765 785 1791 M
836 1767 970 1797 nequeant
982 1762 1009 1788 P
1062 1765 1091 1789 12
1111 1762 1188 1793 uelis]
1207 1761 1323 1787 molieris
1344 1760 1369 1786 H

158 1811 316 1844 sequeretur
329 1808 358 1841 S,
378 1809 499 1842 sequitur
517 1808 575 1835 MP
656 1810 686 1834 13
705 1808 804 1834 ductui·
822 1806 854 1833 M
933 1806 1071 1832 admonita
1090 1805 1118 1834 S,
1137 1805 1245 1831 admota
1260 1815 1272 1828 ze
1288 1815 1300 1827 *
1316 1804 1345 1830 N

160 1854 191 1878 14
214 1852 271 1878 filia
288 1851 322 1878 M
380 1854 476 1885 sponte
491 1854 557 1886 post
575 1851 691 1884 discerp.
710 1851 733 1876 Α
796 1850 968 1883 dispergitur]
986 1849 1087 1883 reliqui
1105 1856 1163 1874 cum
1184 1847 1303 1878 Isidoro,
1322 1847 1422 1872 discer-

159 1895 233 1929 pitur
256 1893 306 1920 III
327 1894 400 1926 (Nm
424 1898 449 1921 et
466 1902 574 1929 praem.
599 1893 625 1918 id
649 1895 691 1919 est
709 1892 743 1922 P)
848 1892 988 1926 adplicita]
1009 1891 1045 1918 II
1061 1890 1228 1921 ιΙΛἸΙΒΑΡ),
1254 1889 1389 1923 adplicata
1408 1888 1423 1914 I

159 1937 306 1972 (RCNHS)
354 1937 496 1963 deducitur
509 1935 735 1968 [fflCA'HSAffl
786 1937 816 1961 16
828 1936 855 1961 in
869 1938 906 1966 se]
920 1934 1127 1965 IMLMBAP),
1141 1933 1202 1960 inde
1215 1932 1233 1958 I
1243 1931 1389 1964 (RCB‘HS)

158 1980 239 2014 plena
250 1979 285 2007 M
362 1982 390 2006 17
410 1980 487 2013 ipsae
505 1988 556 2005 om.
577 1978 597 2004 S
665 1978 753 2004 femae
772 1977 814 2004 Ha
896 1980 924 2004 18
944 1977 1032 2004 miuus
1051 1977 1077 2003 R
1155 1976 1304 2003 necessitas
1323 1974 1345 2000 L

160 2023 223 2053 sint]
242 2022 381 2053 IVLBSP,
400 2025 463 2049 sunt
480 2021 581 2049 RCHA
654 2023 683 2046 19
703 2024 847 2047 contuetur
866 2020 968 2047 IVHSA
1038 2022 1159 2054 aspectu]
1179 2018 1277 2049 L¹BF‚
1295 2019 1423 2050 aspectus

160 2063 379 2091 RCNHL²MSA
459 2064 565 2098 spicula
578 2063 609 2090 H
687 2064 726 2090 ita
744 2066 782 2095 ut]
801 2071 835 2090 ne
854 2063 894 2089 N²
974 2063 1088 2089 hebetur
1106 2062 1207 2088 ss'2L1A
1290 2062 1320 2086 20
1340 2059 1423 2086 offen-

161 2109 217 2138 sus]
236 2106 273 2133 II
287 2107 420 2139 (LN2AP,
439 2107 547 2133 offensis
566 2107 611 2139 B),
629 2107 753 2133 infensus
772 2106 791 2132 I
805 2105 963 2138 (Rc'2NHS,
982 2106 1099 2132 infessus
1120 2105 1159 2136 θ’)
1265 2105 1294 2128 21
1316 2102 1425 2128 obtunsi

163 2149 224 2176 libri
249 2158 339 2176 omnes
408 2150 512 2181 nitoris]
537 2149 604 2176 toris
628 2150 654 2176 R
724 2151 755 2175 22
778 2149 903 2176 mulieres
926 2148 951 2174 R
1022 2147 1141 2179 coniugis
1161 2146 1195 2172 L¹
1267 2147 1298 2171 23
1322 2145 1425 2171 stereli-

162 2193 218 2218 tate
237 2190 266 2224 S,
285 2192 483 2219 steriliditatem
503 2192 528 2218 B
616 2192 696 2219 simul
714 2192 743 2218 Ν
