1593 2409
463 534 529 572 VI.
558 528 1009 570 ORTHOGRAPHICA.

195 637 440 678 Orthographicis
456 637 485 666 in
503 635 716 666 commentario
742 632 893 664 codicibus
910 631 1012 662 aetatis
1031 639 1099 660 vere
1114 629 1265 659 Romanae
1283 625 1371 656 nullis

111 692 197 723 nobis
226 690 332 720 tradito
364 688 515 719 immorari
546 687 711 726 noluimus3
746 685 845 723 itaque
879 683 1010 722 exceptis
1041 680 1213 711 nominibus
1242 677 1372 717 propriis

110 743 234 773 maxime
266 751 327 771 non
351 740 521 779 vulgaribus
544 739 606 768 eius
630 737 748 777 generis
770 736 838 765 vitia
866 743 1015 774 peraeque
1040 731 1203 771 suppressi.
1244 733 1372 759 attamen

109 794 161 824 ubi
190 792 291 823 rettuli
319 792 427 822 variam
458 790 633 826 lectionem,
667 787 777 818 retinui
810 791 842 816 ut
872 795 925 825 par
955 788 1018 814 erat
1046 783 1193 813 librorum
1226 779 1374 810 barbaris-

110 855 191 881 mos⁷
222 844 272 874 sed
296 843 334 873 ita
357 847 390 872 ut
412 842 463 872 ubi
486 841 615 880 plurium
639 840 783 870 librorum
807 837 954 876 scriptura
979 835 1135 865 referenda
1159 836 1236 863 esset
1259 831 1289 861 in
1314 831 1375 869 ipsa

112 897 240 927 lectione
263 893 530 929 consentientium,
560 891 797 922 dissentientium
825 890 854 919 in
881 886 1132 927 orthographicis,
1165 884 1193 914 id
1224 891 1290 913 raro
1322 890 1376 910 no-

112 953 216 978 tarem.
261 947 300 976 ita
330 945 381 975 ubi
412 954 482 984 quae
504 944 587 974 attuli
617 952 651 972 ex
674 942 758 972 libris
788 941 939 980 pluribus,
974 938 1037 969 fieri
1062 941 1175 977 potest⁷
1200 939 1232 965 ut
1262 934 1292 963 in
1323 932 1377 962 ho-

113 1008 180 1029 rum
205 996 381 1037 quibusdam
410 996 525 1035 legatur
554 1003 620 1034 que,
652 998 681 1023 et
703 994 745 1023 sic
769 993 919 1030 deinceps.
966 989 1122 1028 aliquoties
1145 987 1234 1017 talem
1258 983 1379 1014 diversi-

114 1054 204 1080 tatem
227 1049 265 1078 ita
282 1047 417 1083 indicavi,
441 1051 473 1076 ut
495 1047 512 1076 h
536 1046 662 1075 litteram
684 1044 772 1074 modo
796 1043 921 1082 positam
938 1043 1026 1071 modo
1051 1040 1188 1070 omissam
1210 1033 1380 1076 parenthesi

117 1099 407 1134 circumseriberem,
438 1098 520 1127 libris
542 1097 620 1127 inter
641 1106 661 1135 y
684 1100 712 1125 et
734 1097 747 1125 i
768 1092 981 1124 fluctuantibus
1012 1096 1079 1131 post
1099 1101 1119 1130 y
1148 1090 1312 1119 insererem
1336 1087 1379 1123 (i).

116 1152 183 1182 talia
207 1151 357 1181 neminem
375 1149 483 1189 opinor
499 1148 703 1178 morabuntur.
728 1164 767 1168 —
791 1145 928 1174 Vetustae
951 1142 1178 1181 orthographiae
1195 1145 1227 1169 ut
1243 1137 1382 1176 reliquias

117 1213 179 1233 non
193 1211 283 1238 raras,
297 1202 335 1231 ita
352 1201 479 1231 labentis
491 1199 593 1230 aetatis
605 1198 737 1229 sordium
750 1197 865 1236 copiam
878 1196 1030 1234 ingentem
1044 1193 1111 1223 libri
1126 1191 1219 1222 nostri
1233 1189 1381 1220 exhibent.

116 1259 277 1293 utrumque
293 1257 326 1283 ut
346 1253 576 1286 demonstretur,
599 1249 726 1280 sufficiet
749 1248 891 1278 elenchus
915 1247 963 1286 qui
989 1245 1132 1284 sequitur,
1156 1242 1320 1282 respiciens
1343 1239 1383 1269 ibi

118 1306 169 1336 ubi
193 1305 303 1335 codicis
326 1308 395 1333 nota
420 1303 498 1333 nulla
522 1301 684 1342 opponitur
707 1299 892 1340 potissimum
916 1297 1024 1327 librum
1041 1295 1213 1325 Vaticanum
1238 1293 1320 1324 3342
1343 1305 1383 1316 =

123 1358 149 1387 R
171 1365 247 1387 saec.
271 1356 304 1385 X.

207 1417 239 1437 ae
262 1416 317 1446 pro
341 1416 355 1436 e
378 1415 456 1441 raro,
479 1404 589 1444 passim
612 1413 625 1433 e
648 1412 702 1442 pro
726 1411 758 1432 ae

208 1468 222 1488 e
239 1468 293 1497 pro
310 1459 321 1488 i
337 1457 491 1496 aliquoties
509 1456 545 1486 0:
569 1454 694 1484 altecudo
719 1470 751 1475 -
767 1453 892 1491 flumme
917 1456 945 1480 et
967 1448 1075 1489 passim
1092 1448 1133 1483 M,
1151 1451 1183 1476 ut
1200 1446 1329 1484 doneque
1345 1460 1386 1465 —

373 1509 465 1538 edetis
488 1525 528 1529 —
548 1507 685 1546 perstetit
708 1522 744 1526 —-
771 1505 858 1534 ueris
881 1519 921 1524 -—
945 1508 1072 1534 nervum
1103 1498 1172 1527 item
1197 1499 1209 1527 i
1230 1506 1284 1535 pro
1309 1505 1331 1530 e,
1356 1499 1388 1523 ut.

374 1558 523 1589 consuisse
557 1575 597 1578 —
631 1555 765 1595 diogenis
795 1572 835 1576 -
865 1553 968 1592 firme.
1005 1568 1045 1572 -—
1079 1551 1227 1588 yenetrz‘oe,
1258 1546 1386 1584 incelley-

375 1615 455 1640 recte
480 1610 534 1639 Rc

212 1665 225 1693 i
245 1667 273 1692 et
294 1672 327 1701 y:

332 1716 344 1743 i
366 1722 420 1752 pro
442 1722 462 1751 y
484 1711 592 1751 passim

331 1775 350 1804 y
375 1774 429 1804 pro
454 1766 466 1794 τ’
487 1764 572 1793 item:
600 1760 734 1800 Cymbria
758 1777 798 1782 -
821 1758 937 1797 cythara
961 1774 1002 1779 -—
1026 1754 1114 1793 Lybia
1137 1771 1178 1775 —
1201 1752 1328 1791 Lyyures
1351 1767 1392 1771 —

376 1816 478 1855 sydera
501 1814 527 1844 R

216 1869 228 1897 z·
249 1868 298 1904 ibi,
323 1867 373 1897 ubi
396 1867 484 1897 hodie
507 1868 530 1895 ii
551 1863 640 1894 scribi
663 1862 746 1899 solet,
771 1862 836 1892 libri
860 1860 967 1900 passim
992 1857 1147 1891 exhibent,
1172 1855 1200 1884 id
1224 1853 1303 1893 quod
1327 1861 1392 1882 raro

378 1917 590 1948 adnotavimus.

218 1979 233 2000 o
257 1975 286 1999 et
307 1979 345 1999 u:

339 2025 419 2050 recte
441 2021 584 2058 nunyenti
610 2019 684 2053 151,
708 2018 726 2047 2
758 2033 799 2037 —
827 2014 1068 2054 pronmnturz'um
1103 2011 1154 2049 (cf.
1189 2009 1218 2039 C.
1243 2007 1265 2036 Ι.
1292 2006 1319 2035 L.
1360 2005 1395 2038 Xv

384 2070 481 2110 6430)
506 2072 533 2100 R

339 2123 413 2153 male
437 2122 576 2152 z'ocundus
603 2121 630 2150 R

342 2174 451 2214 passim
473 2176 682 2212 permutantur
704 2171 734 2200 in
758 2170 796 2199 M
