1706 2446
62 222 113 261 53,
140 225 175 255 11

799 129 858 157 198

281 220 292 262 ΙΙ
309 221 387 260 Ergo
405 220 473 249 inde
489 218 624 248 homines
640 225 801 255 corporum
818 213 1018 253 magnitudine
1042 221 1145 242 omnes
1168 211 1302 241 homines
1325 214 1408 239 ante·
1446 214 1458 238 1

202 274 328 304 cedunt:
359 271 457 302 crines
479 271 547 300 fuco
571 268 715 303 inbuunt,
745 266 887 297 caeruleis
910 264 1003 294 oculis
1024 273 1058 293 ac
1079 262 1156 292 truci
1178 262 1251 298 visu,
1277 260 1407 290 terrifico
1444 265 1458 289 2

1482 219 1525 238 PL.
1543 208 1572 244 6,
1589 207 1629 238 88

142 326 180 357 12
204 334 278 355 sono
295 323 385 353 vocis.
423 321 435 361 l]
452 320 559 360 quibus
574 320 722 349 inmatura
740 326 820 347 mors
843 321 888 346 est
910 316 940 345 in
964 324 1060 345 annos
1083 318 1203 343 centum
1226 321 1329 342 aevum
1351 315 1411 341 tra·
1447 316 1462 340 3
1483 320 1527 340 PL.
1544 311 1573 346 6,
1590 310 1628 340 91

143 428 180 459 13

143 531 182 560 14

146 633 184 662 15

146 836 185 866 16

150 1041 186 1070 17

203 376 294 406 hunt:
325 374 388 404 aliis
417 372 556 402 omnibus
584 379 697 400 annosa
726 373 806 398 aetas
837 372 866 398 et
894 376 988 406 paene
1012 366 1087 396 ultra
1109 365 1269 405 humanam
1293 366 1410 393 extenta
1445 367 1460 391 4

205 425 400 465 fragilitatem.
446 423 456 462 ΙΙ
480 422 553 452 nulli
582 426 632 452 aut
660 425 729 451 ante
756 420 832 449 diem
862 423 912 448 aut
935 427 988 457 per
1010 417 1087 447 diem
1111 425 1243 447 somnus.
1282 413 1412 444 aedificia
1448 418 1462 441 5

204 477 318 508 modice
355 476 390 505 ab
426 475 517 504 humo
545 474 664 503 elevata.
712 480 832 501 annona
862 470 965 499 eodem
994 477 1112 508 semper
1140 473 1254 497 tenore.
1303 465 1314 504 Η
1341 464 1413 494 vites
1448 468 1463 492 6

207 529 359 558 nesciunt:
390 526 486 566 pomis
515 525 677 555 abundant.
722 521 733 563 ΙΙ
757 523 860 552 colunt
888 520 1055 550 Herculem.
1101 519 1130 548 in
1161 518 1239 556 regis
1267 516 1411 546 electione
1446 520 1460 543 τ

207 589 268 609 non
300 578 436 608 nobilitas
466 576 628 616 praevalet,
660 574 711 605 sed
734 573 906 611 suffragium
930 572 1144 602 universorum.
1183 568 1310 608 populus
1334 566 1414 605 eligit
1450 570 1464 594 S

208 634 372 670 spectatum
395 629 528 659 moribus
551 632 580 657 et
602 627 761 656 inveterata
784 624 956 659 clementia,
980 623 1066 652 etiam
1089 620 1176 650 annis
1199 627 1326 658 gravem.
1364 616 1414 647 sed
1450 622 1465 645 9

207 682 264 712 hoc
293 681 323 710 in
354 690 388 709 eo
419 679 586 719 quaeritur,
618 678 666 708 cui
695 676 779 706 liberi
809 675 881 705 nulli
910 678 994 704 sunt:
1027 681 1094 702 nam
1124 671 1174 710 qui
1204 674 1288 709 pater
1317 668 1415 704 fuerit,
1438 673 1466 697 10

207 732 320 762 etiamsi
342 731 398 761 vita
420 734 587 770 spectetur,
618 738 677 758 non
703 727 865 758 admittitur
887 725 922 755 ad
946 723 1123 763 regendum:
1148 727 1177 751 et
1198 722 1222 751 si
1246 722 1322 751 forte
1345 720 1415 749 dum
1439 723 1465 747 11

208 789 314 822 regnat
343 783 451 822 pignus
477 780 611 816 sustulit,
640 779 756 809 exuitur
779 781 938 817 potestate:
969 775 1056 813 idque
1080 783 1114 803 eo
1137 772 1262 802 maxime
1285 771 1414 802 custodi·
1439 774 1466 798 12

208 840 265 871 tur,
290 844 327 864 ne
344 835 393 863 fiat
409 832 618 862 hereditarium
635 839 771 869 regnum.
810 827 821 869 ss
838 827 945 857 deinde
960 825 1072 856 etiamsi
1088 833 1139 854 rex
1154 823 1308 853 maximam
1332 831 1416 861 prae-
1441 826 1467 850 13

208 887 283 916 serat
297 886 484 924 aequitatem,
508 883 616 913 nolunt
631 882 657 912 ei
672 886 767 911 totum
785 880 890 909 licere:
913 876 1052 915 *triginta
1068 885 1138 914 ergo
1154 880 1285 904 rectores
1300 873 1415 912 accipit,
1440 877 1468 901 14

212 947 249 967 ne
279 937 308 967 in
337 936 432 966 causis
455 935 584 974 capitum
607 933 686 963 solus
710 931 832 961 iudicet:
863 936 1040 968 quamquam
1062 927 1104 956 sic
1128 935 1247 965 quoque
1269 925 1293 955 si
1316 924 1416 963 displi-
1441 928 1468 952 15

212 988 307 1018 cuerit
335 987 511 1021 iudicatum,
545 985 579 1015 ad
609 983 752 1024 populum
781 985 958 1021 provocatur
987 983 1075 1017 atque
1103 977 1142 1007 ita
1170 977 1244 1006 datis
1273 975 1418 1006 iudicibus
1441 979 1469 1003 16

211 1039 396 1079 septuaginta
427 1039 521 1067 fertur
549 1035 712 1070 sententia,
742 1033 788 1063 eui
818 1031 985 1062 necessario
1014 1029 1222 1068 adquiescitur.
1264 1027 1344 1056 cultu
1367 1035 1418 1055 rex
1442 1030 1469 1054 17

212 1090 344 1120 dissimili
361 1099 376 1119 a
392 1088 497 1119 ceteris
513 1087 635 1117 vestitur
650 1089 786 1125 syrmate,
811 1088 843 1112 ut
857 1087 901 1112 est
916 1081 1041 1115 habitus
1065 1089 1123 1119 quo
1142 1079 1281 1109 Liberum
1303 1081 1416 1116 patrem
1441 1081 1468 1106 18

212 1141 322 1171 amiciri
351 1141 492 1169 videmus.
537 1137 548 1179 ΙΙ
572 1137 651 1176 quod
680 1137 704 1166 si
735 1136 821 1165 etiam
851 1135 913 1173 ipse
942 1133 972 1162 in
1003 1136 1124 1171 peccato
1154 1130 1251 1168 aliquo
1279 1128 1420 1167 arguitur,
1444 1132 1472 1157 19

294 1214 418 1249 [RwMi
436 1213 592 1246 [mauman
606 1214 620 1238 3
639 1212 672 1238 al]
689 1219 791 1242 aevum⁷
810 1209 859 1236 sed
876 1211 908 1235 ut
924 1207 968 1234 hic
986 1210 1013 1234 et
1031 1206 1158 1240 deinceps
1173 1204 1279 1239 passim
1298 1202 1362 1235 hiet)
1375 1201 1469 1235 QG<B)

214 1258 302 1290 SAP;
320 1260 408 1284 Anon.
427 1256 502 1282 Leicl.
523 1255 549 1286 (l.
563 1257 596 1287 c.)

300 1309 323 1327 v.
346 1303 357 1326 1
379 1307 441 1333 ergo
455 1314 482 1317 -
499 1300 553 1327 199,
568 1300 582 1324 S
603 1298 724 1330 receptet
741 1294 897 1329 compilavit
917 1291 1028 1327 Capella
1042 1293 1065 1323 6,
1079 1292 1137 1317 693.

307 1372 316 1395 1
338 1369 409 1400 inde]
428 1367 484 1394 indi
505 1366 597 1397 GBP,
620 1365 690 1392 idem
709 1365 731 1390 Λ
835 1370 909 1395 corp.
928 1368 1016 1393 magn.
1036 1367 1106 1386 omn.
1126 1359 1197 1385 hom.
1215 1358 1292 1387 (alios
1311 1363 1402 1383 omnes
1417 1363 1472 1390 pro

218 1421 243 1440 o.
263 1413 289 1438 h.
310 1410 402 1443 SAP¹)
422 1419 474 1437 om.
494 1409 523 1435 N
591 1411 606 1435 2
626 1408 707 1435 crinis
727 1406 753 1432 N
822 1413 855 1431 ac
872 1404 953 1434 truci]
972 1402 1059 1429 atroci
1077 1403 1121 1428 *H
1189 1402 1203 1425 3
1223 1401 1350 1426 innatura
1368 1398 1412 1430 [R]

217 1455 336 1485 trahunt]
361 1454 461 1480 harunt
480 1452 523 1483 [R]
602 1454 618 1477 4
642 1450 764 1477 omnibus
783 1456 835 1475 om.
855 1446 900 1473 SA
979 1446 1049 1471 ultra
1067 1445 1139 1470 hum.
1159 1444 1269 1469 extenta
1286 1444 1337 1473 (-te
1356 1441 1400 1473 ΝΠ
1419 1443 1472 1467 ext.

218 1504 303 1531 paene
322 1497 394 1523 ultra
411 1496 484 1522 hum.
504 1493 578 1521 SAP
680 1496 694 1519 5
713 1492 789 1523 nulli]
804 1490 933 1525 plerique
951 1495 1011 1513 cum
1026 1486 1145 1521 Capella,
1165 1485 1253 1511 nullus
1273 1483 1374 1511 BSAP

218 1542 266 1567 aut
288 1547 337 1573 per
362 1539 431 1565 diem
455 1537 523 1569 (dies
548 1538 608 1568 *H)
633 1544 685 1562 om.
710 1530 738 1560 N
839 1539 946 1559 somnos
971 1532 994 1556 Α
1097 1528 1228 1558 aedificia]
1254 1527 1323 1553 aefia
1347 1526 1374 1553 N

214 1585 280 1618 post
299 1589 409 1609 somnus
428 1581 478 1607 ins.
498 1580 585 1606 noctis
604 1582 709 1612 partem
728 1576 809 1610 quieti
828 1575 964 1601 destinant
982 1573 1052 1605 (dist.
1074 1571 1104 1603 S>
1123 1570 1191 1597 lucis
1211 1572 1299 1596 ortum
1317 1569 1409 1602 uigilia
1426 1576 1475 1595 an-

219 1626 359 1652 teuertunt
372 1623 445 1650 S.4P
548 1624 563 1647 6
581 1622 698 1651 eleuata]
717 1619 815 1646 tollunt
833 1617 907 1644 SAP
1007 1621 1130 1641 annonae
1148 1613 1193 1640 *H
1297 1612 1399 1643 eodem]
1418 1610 1478 1645 pari

220 1667 294 1694 5211>
372 1668 475 1697 tenore]
498 1668 518 1692 t.
538 1668 579 1692 est
597 1664 642 1691 SA
724 1665 737 1688 7
757 1660 845 1694 regnis
866 1658 888 1685 G
970 1660 984 1684 S
1003 1657 1132 1690 suffragia
1150 1657 1196 1688 [H]
1277 1654 1475 1685 uniuersorum]

218 1710 363 1737 uniuersus
389 1707 547 1740 [LJQGBP2
650 1705 776 1740 populus]
796 1701 926 1732 MSAP½
949 1701 1065 1734 populus
1084 1700 1153 1726 enim
1172 1698 1270 1730 [R]CN
1279 1697 1335 1728 *H,
1360 1695 1431 1722 enim
1449 1704 1475 1729 p.

221 1751 381 1784 [L10GBP2
454 1751 532 1783 elegit
555 1749 637 1776 ΝΜΑ
708 1750 722 1773 9
745 1747 913 1773 inueteratae
938 1743 1097 1770 clementiae
1121 1741 1194 1768 SAP
1262 1740 1341 1766 etiam
1363 1740 1425 1770 (om.
1444 1738 1477 1771 Q)

220 1795 299 1821 annis
323 1794 418 1824 (amnis
440 1794 478 1825 GJ]
498 1801 522 1819 a.
542 1800 565 1819 e.
585 1791 658 1818 SAP
736 1795 818 1822 graue
836 1787 857 1814 S
941 1789 970 1812 10
990 1787 1042 1812 hoe
1060 1785 1097 1816 in]
1115 1785 1142 1810 in
1160 1785 1213 1810 hoc
1232 1781 1326 1814 [RJCN
1405 1781 1477 1811 sunt]

222 1839 276 1865 sint
296 1838 363 1869 C[H]
435 1835 526 1866 fuerit]
545 1835 581 1861 sit
599 1833 672 1860 SAP
742 1834 770 1858 11
790 1831 936 1864 spectetur]
956 1830 1093 1862 spectatus
1112 1827 1146 1858 Ρ,
1167 1828 1304 1859 spectatus
1323 1826 1364 1850 est
1382 1822 1426 1849 SA

223 1883 260 1912 et]
284 1888 317 1907 ac
336 1879 381 1906 SA
472 1880 501 1904 12
524 1879 626 1910 regnat]
651 1875 755 1908 pugnat
775 1874 794 1899 G
881 1872 979 1905 pignus
1003 1870 1121 1901 sustulit]
1141 1868 1262 1895 subolem
1280 1866 1345 1892 uelit
1363 1865 1479 1891 educare

222 1923 314 1956 (edere
334 1922 379 1953 P2)
393 1920 475 1948 SAP¹
545 1919 619 1945 exuit
638 1917 696 1949 ΒΡ,
721 1918 856 1943 exuuntur
874 1915 898 1940 Α
968 1914 1128 1947 potestatem
1147 1910 1198 1937 ΑΡ
1264 1909 1345 1943 idque
1370 1910 1410 1939 eo]
1429 1906 1484 1933 III

224 1965 316 1998 (SAP)
329 1964 405 1991 Leia.
424 1966 531 1995 (contra
551 1962 599 1994 Η),
618 1961 734 1993 ideoque
751 1958 850 1992 reliqui
936 1955 1050 1981 maxime
1069 1962 1120 1980 om.
1140 1953 1184 1980 SA
1273 1954 1303 1978 13
1322 1951 1378 1982 fiat]
1396 1950 1481 1976 faciat

226 2008 271 2035 SA
340 2005 534 2033 heridatarium
553 2003 575 2036 ζ)
648 2005 677 2028 14
697 2001 816 2034 triginta]
835 1999 942 2025 Plinius
960 2002 986 2024 et
1006 1996 1131 2032 Capella,
1154 1995 1331 2030 quadraginta
1350 1994 1413 2021 libri

225 2058 287 2084 ergo
307 2058 358 2076 om.
379 2048 423 2075 SA
531 2050 559 2073 15
578 2048 621 2078 ne]
639 2053 690 2072 nec
707 2044 729 2071 S
832 2042 1002 2076 quamquam]
1021 2042 1047 2065 et
1065 2038 1148 2065 SAP1
1252 2038 1275 2064 si
1293 2046 1344 2063 om.
1363 2036 1406 2068 [R]

228 2096 258 2121 16
276 2093 331 2119 iud.
351 2092 385 2118 ad
403 2099 467 2125 pop.
489 2097 565 2124 prou.
583 2090 739 2120 (reuocatur
759 2085 798 2119 C)]
816 2085 966 2111 aduncatur
983 2081 1118 2108 iudicatus
1137 2081 1172 2107 ad
1190 2080 1319 2114 populum
1338 2081 1385 2111 [H]

226 2138 307 2169 atque
331 2135 381 2165 ita]
404 2141 420 2160 a
439 2141 491 2167 quo
510 2131 594 2159 SAP¹
728 2132 755 2156 17
777 2128 956 2162 septuaginta]
975 2126 1004 2152 xl
1023 2126 1078 2157 [H],
1096 2124 1125 2150 lx
1145 2123 1218 2149 Leia.
1238 2127 1265 2150 et
1283 2122 1367 2149 Bern.
1386 2126 1482 2149 contra

227 2178 348 2204 Plinium
371 2180 397 2203 et
417 2175 554 2211 Capellam
642 2172 801 2200 sententiam
820 2170 841 2197 S
930 2172 959 2196 18
979 2167 1114 2194 dissimilis
1133 2166 1171 2197 P,
1195 2165 1274 2192 simili
1291 2164 1314 2198 Q
1401 2163 1483 2192 uesti-

226 2224 270 2248 tus
290 2220 326 2246 Ρ1
398 2222 427 2246 19
447 2218 576 2252 arguitur]
596 2217 717 2250 arguitus
736 2216 856 2247 (argutus
876 2212 931 2243 ΕΡ)
950 2212 988 2238 sic
1007 2210 1051 2242 (sit
1070 2209 1103 2240 P)
1121 2216 1153 2235 ac
1172 2209 1291 2235 reuictus
1310 2206 1383 2234 SAP

1483 422 1527 441 PL.
1545 413 1574 446 6,
1590 411 1630 442 89

1485 472 1528 492 PL.
1545 463 1576 497 6‚
1591 463 1630 493 91

1484 523 1528 542 PL.
1545 515 1574 549 6,
1592 513 1632 544 89

1489 829 1534 849 PL.
1551 820 1580 854 6,
1597 821 1638 851 90

1495 1139 1538 1161 PL.
1556 1133 1584 1168 6,
1601 1133 1638 1163 91

1687 556 1689 562 1
1680 26 1690 551 „*fi———m2m——ae„„
1685 0 1687 2 .
