1593 2409
786 78 903 104 XXXVI

299 165 439 195 LEIDEN

216 218 255 248 28
281 216 360 255 publ.
390 217 425 246 13
452 224 526 244 saec.
550 214 623 244 XIV.
662 214 831 253 inscriptio:
864 214 894 244 G.
927 214 1022 243 Solini
1049 217 1234 253 yrammatici
1258 215 1409 254 polihistor
1439 214 1471 244 de

347 265 528 296 mirabilibus
543 267 633 304 ipsius
648 266 764 301 mundi3
788 265 982 304 subscriptio:
1006 265 1124 305 emplicit
1147 265 1217 295 liber
1239 267 1271 296 de
1288 265 1470 295 mirabilibus

343 317 454 346 muudi.
493 317 575 346 adest
598 316 740 354 praefatio
764 317 873 355 spuria.

216 371 255 401 29
278 368 359 408 publ.
385 369 423 399 67
451 367 475 397 C
501 366 636 407 (catalogi
662 367 791 397 Geeliani
824 377 852 396 n.
878 368 950 404 510)
982 376 1057 397 saec.
1081 367 1140 396 XV.
1188 368 1341 406 inscriptio
1374 367 1468 396 nulla:

343 419 441 449 delicit
462 418 536 448 liber
560 428 587 457 p.
608 420 675 453 176,
691 420 729 449 13
754 418 783 447 in
809 418 904 448 verbis
926 428 1055 448 venerem
1079 419 1205 448 durasse.

217 473 255 503 30
280 470 361 509 publ.
387 470 426 501 68
450 478 525 498 saec.
550 469 625 498 XIII.
664 469 858 508 inscriptione
882 474 977 506 caret3
1000 470 1216 508 subscriptum:
1240 468 1332 498 Iulius
1353 467 1470 498 Solinus

341 521 456 560 emplicit
484 520 615 558 feliciter.
666 520 838 559 praefationi
869 521 1099 559 praescriptum:
1135 519 1229 550 Iulius
1252 519 1370 549 Solinus
1395 518 1469 549 Con-

343 574 451 601 stancio
475 580 526 600 suo
549 571 679 601 salutem.
716 571 895 610 adscriptum
920 571 948 600 in
974 572 1032 600 tine
1056 581 1144 601 manu
1168 571 1279 601 diversa
1305 571 1401 600 locus:
1426 570 1471 599 di-

342 624 421 651 visus
449 627 488 651 est
510 622 587 651 orbis
609 627 684 651 terre
707 623 824 660 trifarie
849 645 855 651 .
874 645 880 651 .
899 645 905 651 .
923 645 929 651 .
951 621 973 651 T
974 622 1100 660 royodite
1117 622 1236 660 Pentayi
1257 628 1282 651 et
1303 621 1469 661 Ictiopltayi.

342 673 556 712 Antropophayi
576 682 643 711 yens
673 675 842 712 asperrima.
885 673 918 702 lle
945 678 1012 703 sunt
1041 676 1235 711 generationes
1263 673 1350 703 huius
1382 672 1473 702 seculi

341 724 441 763 quibus
464 733 570 753 necesse
598 730 637 754 est
661 727 757 753 venire
786 724 823 753 ad
846 725 933 754 dicem
963 722 1026 766 [sic]
1057 725 1159 755 iudicii
1186 727 1217 754 in
1246 729 1390 763 conspectu
1426 723 1471 753 clei

340 775 481 805 altissimi.
520 784 554 804 ex
572 775 716 804 Bernensi
734 777 774 813 (n.
793 777 823 813 4)
842 785 901 804 non
921 780 965 805 est
981 776 1144 815 descriptus
1161 775 1242 815 (nam
1259 777 1331 810 207,
1349 778 1366 806 5
1383 775 1471 805 habet

341 827 424 865 quod,
450 836 509 855 nou
533 827 603 865 qui),
628 827 678 855 sed
703 827 727 855 ei
751 827 925 856 simillimus.

217 888 253 918 31
280 886 361 926 publ.
377 887 436 916 113
460 895 535 915 saec.
553 885 600 915 XI.
640 886 787 925 praecedit
812 886 899 915 index
922 887 1032 925 pariter
1058 891 1147 924 atque
1170 886 1199 915 in
1218 886 1352 916 Parisino
1377 887 1469 920 7230,

342 943 442 967 nostro
461 937 501 971 M,
526 937 700 975 inscriptus:
729 937 873 967 indiculus
889 937 958 977 cap’.
976 937 1035 967 Iuli
1051 937 1147 967 Solini
1161 947 1260 967 rerum
1277 938 1470 968 collectarium

342 989 423 1027 infra
446 990 618 1027 scriptorum
637 985 717 1029 s[ic],
743 988 942 1027 subscriptus:
967 988 1081 1027 emplicit
1103 988 1263 1018 indiculum
1283 988 1312 1018 C.
1330 988 1402 1018 Iulii
1415 988 1469 1018 So-

341 1040 396 1068 lini
419 1038 610 1068 collectarium
633 1048 732 1069 rerum
764 1039 992 1069 memorabilium
1023 1039 1152 1076 feliciter.
1198 1046 1350 1078 praeterea
1373 1050 1469 1079 neque

341 1090 494 1129 inscriptio
519 1091 600 1119 adest
623 1100 719 1128 neque
744 1090 931 1129 subscriptio.
961 1109 1002 1112 —
1032 1091 1111 1120 Idem
1144 1092 1266 1121 sortasse
1296 1097 1339 1121 est
1369 1091 1469 1126 codex,

342 1150 439 1179 quern,
463 1150 531 1170 cum
554 1141 624 1171 Iusti
642 1141 731 1180 Lipsii
756 1147 841 1175 esset,
866 1142 997 1171 adhibuit
1012 1142 1128 1172 Delrius
1152 1143 1180 1171 in
1201 1143 1244 1172 ed.
1262 1142 1470 1181 Antverpiensi

342 1202 365 1221 a.
382 1193 462 1222 1572
476 1192 550 1227 (vide
567 1192 630 1222 eius
646 1193 747 1231 praef„
764 1192 813 1221 ubi
830 1193 867 1221 ait,
880 1201 954 1230 quae
971 1193 1000 1222 in
1018 1203 1052 1222 eo
1070 1194 1145 1223 libro
1163 1204 1222 1223 non
1242 1198 1340 1223 essent
1355 1193 1469 1223 dedisse

341 1252 371 1272 se
395 1243 472 1272 intra
495 1252 589 1272 uncos
605 1243 772 1281 quadratos,
796 1249 824 1272 et
841 1243 930 1282 Lipsii
950 1244 1064 1282 epistol.
1081 1248 1192 1282 quaest.
1211 1246 1239 1279 3,
1255 1246 1316 1282 21),
1340 1245 1470 1284 scriptus

341 1303 415 1324 saec.
431 1293 493 1329 xu,
518 1294 617 1323 classis
640 1295 785 1323 secundae.
809 1300 836 1323 et
862 1304 1047 1333 nequaquam
1072 1295 1205 1325 eximius.

217 1356 255 1387 32
279 1354 359 1394 publ.
387 1355 445 1384 124
469 1363 543 1383 saec.
568 1353 644 1382 Xlll.
689 1354 858 1392 inscriptio:
890 1354 976 1383 codem
999 1353 1070 1383 Iulii
1091 1353 1188 1383 Solim'
1214 1356 1247 1384 de
1269 1357 1326 1385 situ
1349 1365 1375 1384 ο.
1400 1361 1419 1385 t.
1443 1361 1469 1385 ec

343 1406 374 1435 sle
396 1407 468 1443 sino.
492 1407 559 1434 mir.
584 1415 608 1444 q.
633 1407 663 1434 in
686 1415 724 1434 m.
748 1405 894 1439 habemur,
919 1404 1113 1444 subscriptio:
1149 1405 1177 1435 C.
1202 1405 1273 1435 Iulii
1294 1405 1390 1435 Solim·
1410 1407 1470 1435 sive

341 1458 494 1495 gramatici
524 1455 697 1495 poliltystori
730 1456 764 1485 ab
801 1458 860 1495 ipso
889 1456 980 1486 editus
1009 1462 1033 1486 et
1061 1458 1222 1494 recognitus
1252 1456 1323 1485 liber
1352 1456 1469 1496 emplicz‘t

344 1519 429 1548 αμην
452 1507 582 1544 feliciter.
629 1507 661 1536 (le
689 1509 747 1536 situ
771 1507 847 1536 orbis
877 1512 1022 1536 terrarum
1052 1513 1076 1537 et
1101 1508 1132 1537 de
1155 1518 1177 1537 s.
1200 1516 1339 1546 monae
1367 1508 1471 1538 mundi

343 1558 451 1588 ambitu
477 1553 668 1587 continentur.
709 1558 792 1587 abest
814 1559 957 1597 praefatio
982 1563 1114 1596 utraque.

215 1619 255 1650 33
280 1618 360 1658 publ.
388 1619 445 1650 130
470 1618 491 1647 Α
521 1618 656 1656 (catalogi
681 1618 810 1647 Gceliani
836 1628 865 1649 n.
891 1620 963 1655 415)
992 1618 1120 1656 scriptus
1143 1618 1309 1647 Florentiae
1333 1627 1357 1646 a.
1380 1619 1468 1648 1432.

343 1669 511 1707 inscriptio:
541 1668 569 1698 C.
593 1668 664 1698 Iulii
688 1668 783 1698 Solim'
803 1669 968 1708 polyhystor
997 1669 1031 1699 ab
1060 1671 1118 1708 ipso
1142 1669 1232 1698 editus
1259 1674 1284 1698 et
1307 1670 1469 1707 recognitus

343 1720 374 1749 de
397 1722 454 1750 situ
483 1720 560 1749 orbis
582 1725 729 1749 terror-um
751 1726 776 1749 ec
805 1720 837 1748 de
859 1721 930 1757 siny.
954 1721 1020 1749 mir.
1044 1729 1114 1759 quae
1136 1722 1166 1748 in
1189 1720 1302 1749 mundo·
1319 1719 1466 1751 habentur.

343 1771 535 1809 subscriptio:
577 1770 605 1800 C.
637 1770 731 1800 Solini
756 1769 924 1809 polyhystor
959 1771 991 1799 de
1021 1771 1125 1801 mwidi
1152 1770 1339 1800 mirabilibus.
1388 1771 1468 1801 adest

343 1822 483 1861 praefatio
507 1822 617 1860 spuria.

216 1882 255 1912 34
280 1881 439 1911 Vossianus
463 1881 497 1915 Q.
518 1883 552 1912 11
580 1891 654 1910 saec.
672 1881 730 1910 XV.
774 1881 942 1920 inscriptio:
970 1882 1000 1911 C.
1024 1881 1094 1911 Iulii
1116 1882 1211 1911 Solini
1232 1881 1399 1911 collectanea
1421 1890 1468 1911 re-

343 1942 409 1961 rum
433 1932 663 1962 memorabilium
687 1934 844 1971 incipiunn
869 1933 1047 1973 subscriptio
1071 1933 1159 1962 nulla.
1205 1934 1345 1972 praefatio
1369 1934 1467 1972 spuria

343 1983 432 2013 adest.

217 2044 256 2073 35
280 2042 440 2072 Vossianus
471 2044 505 2076 Q.
536 2045 573 2075 29
603 2052 676 2075 saec,
707 2043 747 2080 X,
779 2053 865 2082 quem
896 2042 1069 2073 AwAtuC
1099 2042 1300 2073 ZPl-ll‘lCl-l’l'
1322 2057 1364 2068 =
1387 2043 1467 2073 Dodo

344 2096 466 2132 scripsit.
507 2093 660 2131 inscriptio
684 2094 778 2129 nulla;
802 2095 992 2134 subscriptio:
1021 2095 1135 2134 emplicic
1157 2094 1336 2134 s(e)l(iciter)
1361 2093 1392 2124 G.
1410 2093 1469 2124 Iuli

344 2145 438 2174 Solius
458 2147 645 2182 grammatici.
