1593 2409
664 95 756 122 XXIX

70 193 170 224 multis
198 189 370 221 auctoribus
397 187 492 217 Solini
516 185 649 216 libellum
675 187 778 213 notum
802 181 893 211 fuisse
920 184 952 208 ut
975 177 1111 208 codicum
1135 175 1278 209 desectus,
1303 172 1340 201 ita

71 243 289 283 adlegationum
314 240 419 270 raritas
447 237 586 268 ostendit.
632 246 646 265 a
679 234 797 265 saeculo
828 233 895 262 inde
919 231 957 260 Xl
981 229 1132 264 Solinum,
1163 230 1267 264 utpote
1291 223 1341 262 qui

71 295 193 331 evitatis,
217 298 249 323 ut
272 293 334 332 ipse
358 291 406 326 ait,
430 289 618 328 eloquentiae
635 286 757 317 bratteis
774 284 856 314 facile
873 283 1005 322 placeret
1028 288 1126 317 neque
1143 277 1193 307 ulli
1218 280 1342 316 propter

72 346 227 386 ingenium
250 344 392 374 molestus
415 346 503 377 esset,
531 350 546 370 a
570 339 669 369 multis
693 336 856 376 expetitum
881 339 910 363 et
933 332 1096 362 lectitatum
1120 338 1194 363 esse,
1218 327 1344 357 maxime

74 407 129 438 per
162 396 268 427 Gallias
303 399 332 425 et
361 393 550 427 Germanias,
586 391 682 420 donec
717 389 746 418 in
782 386 960 416 oblivionem
992 382 1088 412 abiret
1124 379 1212 409 bouis
1240 378 1346 408 litteris

74 448 270 485 resuscitatis,
302 445 431 476 ostendit
459 449 518 473 tam
548 442 684 472 codicum
716 439 766 478 qui
796 439 960 476 supersunt
991 433 1075 472 copia
1111 440 1198 470 quam
1229 429 1344 466 adlega-

74 501 189 531 tionum
202 497 384 537 frequentia:
402 495 577 526 ostendetur
592 493 679 522 etiam
694 490 800 520 melius
813 488 923 527 opinor
939 486 962 516 si
979 485 1026 515 cui
1044 492 1185 521 umquam
1202 480 1345 520 placuerit

76 552 105 581 in
130 551 243 581 fabellis
266 547 505 585 carminibusque
530 542 699 575 Romanicis
724 546 753 571 et
775 538 941 570 Theotiscis
964 535 1085 574 vestigia
1118 534 1216 564 rimari
1242 531 1348 562 Solini.

545 716 578 746 Β.
610 714 719 745 Libri
742 711 894 751 scripti,

165 805 305 836 Codicum
329 804 424 834 Solini
454 803 530 833 infra
562 804 804 832 enumeratorum
835 798 1031 835 inspexerunt
1054 802 1118 822 mea
1143 799 1230 820 causa
1253 788 1349 828 speei-

80 859 160 889 mine
188 861 306 896 sumpto
338 855 537 885 Basileensem
569 853 637 882 olim
668 851 813 881 Gustavus
844 848 982 886 Parthey,
1019 853 1115 884 nuper
1146 840 1352 871 Ferdinandus

80 909 232 941 Dttmmler
260 925 303 930 --
334 908 518 937 Bernensem
546 904 615 934 olim
641 903 785 932 Gustavus
808 900 949 938 Parthey,
982 905 1077 935 nuper
1108 891 1352 923 bibliothecarius

81 961 187 992 Blosch
220 977 262 982 -
285 958 492 989 Bruxellenses
522 955 630 986 Paulus
660 954 765 983 Errera
795 951 867 981 iuris
897 948 1052 979 consultus
1082 944 1283 975 Bruxellensis
1313 960 1354 965 —-

83 1012 340 1050 Cantabrigienses
364 1009 542 1039 Franciscus
564 1006 727 1036 Ienltinson
752 1021 792 1026 -
809 1001 1028 1032 Londinienses
1044 997 1252 1028 Askewianum
1277 994 1352 1024 iden]

84 1064 258 1099 lenkinson,
282 1062 377 1092 musei
394 1059 557 1090 Britannici
581 1058 652 1087 alios
669 1055 855 1086 Gradenvvitz
880 1052 952 1082 iuris
969 1049 1124 1080 consultus
1142 1045 1354 1079 Berolinensis,

85 1117 158 1147 alios
175 1115 350 1145 Franciscus
367 1113 398 1142 B.
416 1112 535 1150 Bickley
552 1107 763 1139 Londiniensis
780 1123 821 1127 —
836 1102 1122 1142 llloutispessulanos
1138 1097 1356 1128 Maximilianus

86 1169 204 1198 Bonnet
219 1183 261 1188 ——
277 1165 469 1195 Monacenses
484 1161 650 1192 Lutlovicus
662 1158 779 1188 Traube
794 1174 835 1178 —-
851 1154 1037 1185 Oxonienses
1052 1151 1229 1181 Franciscus
1245 1148 1355 1178 Haver-

86 1219 152 1249 field
169 1235 211 1240 —
226 1216 376 1246 Parisinos
400 1215 430 1244 P.
449 1214 481 1243 F.
499 1212 602 1243 Girard
620 1211 772 1250 professor
796 1207 947 1237 Parisinus
969 1222 1012 1226 —
1035 1204 1202 1233 Romanum
1219 1199 1356 1230 Barberi-

87 1279 159 1300 num
175 1269 243 1299 Chr.
261 1267 391 1297 Huelsen
406 1283 445 1288 —
458 1265 589 1295 Venetos
603 1261 780 1292 Laurentius
797 1259 929 1288 Soranzo
943 1274 983 1279 —
996 1254 1245 1285 vindobonenses
1258 1250 1356 1281 Ludo-

87 1322 167 1352 vicus
184 1321 358 1350 Hartmann.
397 1317 505 1356 quibus
522 1316 591 1345 viris
615 1313 755 1344 omnibus
778 1320 832 1350 pro
858 1316 980 1339 strenuo
997 1305 1143 1336 adiutorio
1168 1301 1358 1334 humanitatis

88 1373 291 1410 amicitiaeque
304 1370 483 1400 documento
498 1368 567 1407 quid
581 1366 715 1400 debeam,
731 1368 815 1403 grato
828 1362 926 1392 animo
940 1359 1091 1389 recordor.
1123 1356 1254 1394 reliquos
1266 1354 1359 1383 libros

89 1426 218 1464 (praeter
242 1432 302 1457 eos,
327 1420 435 1460 quibus
454 1419 612 1449 asteriscus
628 1415 831 1455 praescriptus
848 1417 900 1447 est,
925 1411 1013 1441 huius
1029 1408 1169 1439 editionis
1185 1415 1272 1436 causa
1297 1414 1357 1435 non

89 1475 252 1514 inspectos)
260 1473 322 1512 ipse
335 1471 506 1506 examinavi,
520 1470 591 1500 alios
604 1468 644 1498 ibi
656 1467 706 1497 ubi
719 1467 920 1500 adservantur,
935 1463 1007 1492 alios
1020 1461 1126 1490 missos
1134 1458 1316 1492 Berolinum,
1330 1456 1359 1485 in

90 1526 135 1556 his
144 1525 435 1558 Francosurtensem,
454 1521 635 1551 Havnienses
651 1519 735 1553 duos,
752 1517 913 1546 Leidenses
928 1522 1040 1544 omnes.
1066 1511 1144 1550 quod
1162 1510 1185 1540 si
1203 1509 1253 1548 qui
1270 1517 1360 1547 quae-

91 1581 161 1607 runt
177 1585 230 1606 cur
247 1585 307 1605 non
326 1573 524 1613 adquieverim
548 1572 578 1601 in
603 1570 686 1600 libris
710 1578 776 1598 vere
794 1566 924 1601 utilibus,
949 1564 1000 1594 sed
1024 1562 1171 1593 inutilium
1197 1568 1316 1599 quoque
1334 1563 1360 1587 et

92 1627 256 1667 vulgarium
280 1626 407 1665 aliquam
424 1624 569 1654 rationem
587 1620 753 1655 habuerim,
776 1617 946 1657 respondeo
963 1615 1091 1655 primum
1110 1622 1170 1642 non
1188 1617 1251 1641 tuto
1269 1610 1362 1640 libros

91 1679 167 1709 abici
183 1683 306 1718 propter
332 1681 456 1707 aetatem
480 1675 594 1713 aliaque
619 1671 727 1702 indicia
752 1675 884 1704 externa,
913 1667 965 1697 sed
989 1675 1064 1705 opus
1089 1673 1151 1694 esse
1176 1662 1361 1700 singulorum

94 1732 239 1762 examine.
284 1729 410 1768 exempli
433 1735 520 1757 causa
544 1725 701 1755 Vaticanus
730 1722 851 1761 reginae
882 1730 911 1749 n.
941 1719 1022 1750 1875
1046 1716 1175 1755 scriptus
1199 1723 1274 1744 saec.
1300 1712 1361 1742 XlV

95 1783 193 1823 explet
221 1782 329 1812 librum
360 1779 493 1810 omnium
523 1777 667 1816 optimum
699 1773 725 1804 R
755 1772 842 1802 hodie
873 1770 1020 1801 mutilum.
1065 1777 1137 1798 sane
1167 1775 1227 1795 non
1257 1765 1363 1804 ignoro

97 1834 240 1865 eiusmodi
264 1841 355 1872 grana
379 1840 446 1861 raro
470 1829 628 1859 admodum
653 1827 730 1856 inter
753 1824 853 1864 paleas
875 1821 1003 1861 reperiri
1022 1829 1119 1858 neque
1143 1827 1177 1847 ex
1201 1815 1364 1856 specimine

95 1887 274 1917 reiectorum
294 1883 450 1917 librorum,
473 1881 552 1920 quod
576 1878 678 1919 paucis
701 1876 774 1907 locis
798 1874 922 1913 (scilicet
945 1873 980 1903 iis
1003 1881 1078 1910 quos
1097 1880 1124 1909 p.
1141 1868 1177 1899 IV
1197 1867 1365 1906 composui)

96 1937 242 1967 adiectum
259 1939 312 1971 est,
336 1934 495 1973 quicquam
512 1931 589 1961 effici
606 1930 661 1960 nisi
678 1929 756 1959 inter
772 1926 937 1956 reiectanea
955 1933 988 1953 ea
1005 1922 1086 1952 utilia
1104 1920 1184 1951 nulla
1201 1920 1301 1949 latere.
1337 1922 1365 1947 at

98 1998 158 2018 non
182 1987 286 2018 inutile
318 1985 374 2016 erit
403 1983 537 2023 exemplo
568 1983 782 2014 demonstrare,
813 1976 963 2016 quomodo
992 1983 1047 2014 per
1074 1974 1161 2011 longa
1188 1970 1277 2000 medii
1305 1969 1365 1998 aevi

97 2039 213 2070 saecula
237 2047 340 2068 eorum
362 2041 532 2075 temporum
555 2031 698 2074 philologi
722 2030 809 2059 modo
833 2028 949 2058 curiosa
974 2024 1135 2064 diligentia,
1160 2022 1247 2052 modo
1272 2026 1365 2050 teme-

99 2090 175 2120 raria
202 2090 334 2124 levitate,
363 2087 452 2117 modo
480 2085 584 2116 stolida
613 2080 781 2123 ignorantia
811 2079 949 2118 antiquos
978 2081 1114 2107 auctores
1137 2072 1365 2104 transcribendo

99 2141 144 2171 vel
167 2140 335 2171 adnotando
356 2137 572 2169 recensuerint.
617 2134 746 2172 denique
769 2131 802 2161 ad
827 2129 1074 2169 bibliographiam
1097 2125 1183 2155 medii
1208 2123 1268 2152 aevi
1294 2132 1365 2152 con-

102 2201 207 2222 sensus
241 2191 375 2221 codicum
405 2194 557 2229 praeterea
588 2185 737 2217 inutilium
773 2182 899 2220 aliquam
937 2180 1094 2210 utilitatem
1129 2175 1264 2209 habebit,
1300 2183 1366 2203 cum
