1593 2409
75 208 132 229 IGN-

0 1336 26 1355 ¹.
44 1324 150 1360 7,147

48 1375 152 1406 —150

763 100 799 126 11

171 203 183 227 1
205 194 397 235 templatione
414 191 529 222 numeri
546 189 646 229 parilis
662 187 768 218 oss‘ensi
791 185 959 223 neglectum
984 181 1063 211 brevi
1087 179 1291 219 perdiderunt,
1315 181 1413 205 trans-

168 254 182 278 2
203 248 261 278 lata
290 247 320 276 in
345 244 512 276 sacerdotes
535 238 728 271 intercalandi
752 240 913 276 potestate:
943 234 993 272 qui
1017 233 1192 272 plerumque
1215 229 1414 268 gratificantes

169 306 183 329 3
205 298 371 329 rationibus
400 294 627 335 publicanorum
656 299 710 329 pro
740 288 861 318 libidine
890 294 942 315 sua
972 283 1186 314 subtrahebant
1214 286 1347 318 tempora
1370 277 1416 306 vel

171 357 184 381 4
207 349 364 388 augebant.
402 355 468 376 cum
491 345 563 374 baec
585 343 627 373 sic
644 342 741 371 forent
757 338 915 369 constituta
933 335 1098 373 modusque
1116 331 1307 362 intercalandi
1325 330 1417 359 inter·
1441 327 1470 363 1,
1495 328 1535 358 44

171 408 184 432 5
208 402 276 431 dum
300 397 485 431 cumulatior,
510 394 658 424 interdum
682 394 767 422 tieret
789 387 981 420 imminutior,
1005 385 1050 414 vel
1074 384 1195 414 omnino
1220 381 1418 412 dissimulatus

172 459 187 482 6
208 451 435 492 praeteriretur,
467 453 692 483 nonnumquam
716 440 880 475 accidebat,
912 444 944 468 111
967 446 1084 466 menses
1108 435 1157 473 qui
1182 435 1299 463 fuerant
1321 437 1418 461 trans-

174 510 187 534 7
210 503 266 533 acti
289 502 394 535 bieme,
418 499 506 529 modo
529 496 669 526 aestivum
693 494 780 523 modo
804 490 973 521 autumnale
996 493 1113 526 tempus
1136 485 1312 515 inciderent.

174 561 187 584 S
296 554 397 591 ltaque
414 551 444 581 C.
462 549 566 579 Caesar
582 547 747 576 universam
771 544 848 573 hanc
871 539 1110 573 inconstantiam,
1134 537 1225 567 incisa
1250 542 1420 574 temporum
1445 534 1484 562 45

174 611 188 636 9
210 604 395 639 turbatione,
434 599 614 639 composuit,
649 603 677 626 et
710 601 743 625 nt
776 599 883 624 statum
917 597 1030 622 certum
1065 589 1243 628 praeteritus
1277 586 1423 624 acciperet

162 663 189 687 10
213 665 306 691 error,
329 655 390 684 dies
413 652 516 692 viginti
538 659 633 680 unum
656 653 685 678 et
708 646 902 686 quadrantem
925 642 1012 673 simul
1036 640 1232 671 intercalavit:
1255 647 1314 677 quo
1337 640 1423 676 pacto

162 714 189 738 11
212 706 357 746 regratiati
391 714 509 735 menses
537 702 573 731 de
602 705 700 730 cetero
730 702 835 728 statuta
867 695 979 724 ordinis
1009 693 1054 723 sui
1084 697 1216 731 tempora
1246 690 1424 719 detinerent.

164 765 190 789 12
213 759 262 789 ille
278 767 349 796 ergo
373 765 470 786 annus
493 754 573 784 solus
596 756 746 781 trecentos
770 747 963 788 quadraginta
988 749 1127 783 quattuor
1150 743 1212 772 dies
1235 741 1353 771 habuit:
1378 738 1425 768 alii

164 817 191 841 13
214 811 355 848 deinceps
378 811 569 837 trecentenos
592 811 755 841 sexagenos
779 800 886 839 quinos
910 803 939 827 et
962 796 1164 836 quadrantem.
1204 798 1232 823 et
1256 797 1327 822 tunc
1351 799 1426 829 quo-

165 868 193 891 11
215 871 273 901 que
289 860 390 890 vitium
407 857 565 888 admissum
582 861 626 884 est
648 863 702 893 per
724 851 901 882 sacerdotes.
941 858 1008 878 nan]
1033 857 1099 877 cuin
1124 849 1317 886 praeceptum
1340 845 1427 877 esset,
1452 840 1491 870 46

166 919 193 943 15
215 922 294 942 anno
311 915 416 950 quarto
433 914 465 939 ut
482 906 692 937 intercalarent
708 912 800 933 unum
824 902 910 936 diem,
935 905 964 929 et
987 903 1139 938 oporteret
1162 897 1298 926 consecto
1323 897 1428 932 quarto

167 970 194 994 16
217 973 296 994 anno
313 963 340 992 id
359 960 517 994 observari,
539 963 697 995 antequam
714 956 836 993 quintus
852 952 1065 991 auspicaretur,
1089 949 1129 979 illi
1146 947 1306 986 incipiente
1324 948 1428 983 quarto

168 1021 195 1045 17
218 1013 442 1048 intercalarnnt,
468 1021 527 1040 non
546 1009 710 1039 desinente.
748 1006 789 1035 sic
806 1014 859 1044 per
874 1013 969 1033 annos
986 1011 1036 1031 sex
1053 1006 1079 1030 et
1096 1000 1215 1038 triginta
1233 1007 1299 1027 cum
1324 1003 1431 1025 novem
1454 995 1493 1023 47

169 1073 196 1096 13
219 1067 281 1096 dies
297 1062 501 1094 tantummodo
519 1061 655 1090 sufficere
671 1058 852 1092 debuissent,
877 1053 1031 1084 duodecim
1048 1056 1118 1081 sunt
1140 1048 1314 1080 intercalati.
1353 1045 1432 1085 quod

170 1124 197 1147 19
221 1116 440 1156 deprehensum
471 1114 620 1151 Augustus
654 1108 838 1143 reformavit,
874 1106 1015 1143 iussitque
1050 1112 1146 1132 annos
1180 1099 1334 1130 duodecim
1370 1097 1433 1127 sine

170 1175 197 1199 20
221 1166 445 1198 intercalatione
462 1164 630 1197 decurrere,
654 1166 686 1190 ut
705 1165 764 1189 tres
788 1159 828 1189 illi
852 1159 922 1193 dies,
947 1156 997 1195 qui
1020 1155 1097 1184 ultra
1122 1162 1226 1182 novem
1251 1148 1434 1180 necessarios

172 1226 197 1250 21
222 1224 333 1249 temere
348 1218 467 1247 fuerant
483 1213 657 1248 intercalati,
681 1213 737 1241 1106
753 1211 839 1239 modo
863 1213 985 1248 possent
1006 1205 1169 1245 repensari.
1209 1213 1242 1233 ex
1267 1211 1323 1240 qua
1347 1199 1435 1230 disci-

172 1277 201 1301 22
223 1270 303 1310 plina
327 1269 460 1299 omnium
483 1271 584 1305 postea
608 1270 777 1303 temporum
800 1261 921 1291 fundata
946 1259 1019 1288 ratio
1043 1262 1095 1287 est.

174 1328 202 1352 :23
296 1319 307 1361 ΙΙ
324 1320 433 1349 Verum
449 1327 517 1347 cum
540 1322 568 1346 et
590 1316 647 1345 hoc
671 1320 700 1344 et
722 1314 813 1343 multa
838 1312 891 1341 alia
908 1309 1031 1349 Augusti
1055 1307 1239 1346 temporibus
1263 1305 1436 1339 debeantur,
1462 1301 1501 1332 43

176 1379 204 1403 24
227 1373 276 1411 qui
306 1381 401 1411 paene
424 1370 488 1400 sine
512 1367 647 1406 exemplo
671 1375 769 1395 rerum
795 1364 906 1403 potitus
930 1367 988 1397 est,
1019 1364 1099 1389 tanta
1123 1363 1151 1388 et
1175 1362 1217 1387 tot
1240 1357 1269 1386 in
1294 1356 1351 1385 vita
1375 1355 1438 1384 eius

262 1453 366 1481 RCNH
385 1452 487 1484 LMOE)
507 1451 579 1478 SAP

263 1498 278 1531 ξ
298 1499 339 1522 44.
360 1498 404 1522 45:
425 1495 521 1521 horum
541 1491 729 1527 compendium
750 1489 826 1524 apud
844 1487 1014 1514 Ληιιιιίαηῑιηι
1036 1487 1076 1517 26,
1098 1487 1119 1516 1,
1142 1485 1180 1509 12.
1205 1485 1242 1508 13.

266 1559 277 1583 1
299 1563 355 1590 par.
375 1562 448 1581 num.
470 1553 494 1579 Ρ
562 1552 665 1582 offensi]
684 1549 719 1575 II
735 1548 837 1581 (LMB)
851 1549 887 1580 H,
907 1546 1056 1572 offensione
1075 1543 1093 1569 I
1108 1542 1258 1574 (Rt'ffsm,
1278 1549 1329 1566 om.
1349 1539 1375 1565 P

179 1600 328 1626 neclectum
351 1597 376 1624 R
446 1596 522 1623 breui
545 1594 632 1626 (ureui
654 1593 688 1624 R)
713 1591 799 1626 perd]
824 1592 896 1626 perd.
923 1593 963 1618 br.
984 1589 1011 1615 H
1082 1589 1096 1612 2
1121 1587 1158 1617 in]
1181 1585 1251 1610 inter
1270 1583 1290 1609 S
1359 1583 1441 1608 inter-

179 1641 289 1669 kalendi
302 1643 325 1668 Α
415 1641 429 1665 3
450 1638 617 1666 orationibus
632 1636 661 1662 H
746 1634 916 1667 publicorum
935 1635 958 1659 Α
1046 1633 1061 1656 4
1081 1629 1214 1655 interdum
1234 1633 1296 1658 (om.
1315 1626 1355 1657 Η)
1375 1633 1442 1651 cum.

179 1686 226 1712 int.
254 1684 330 1710 fieret
356 1683 427 1709 imm.
455 1683 482 1713 (i.
510 1681 529 1707 f.
552 1679 622 1711 APJ]
648 1679 695 1705 int.
724 1677 850 1704 munitior
876 1677 953 1703 fieret
976 1675 1024 1701 int.
1051 1681 1119 1699 cum.
1144 1671 1177 1697 Μ
1279 1672 1292 1695 Ξ)
1319 1668 1443 1694 dissimu-

180 1729 268 1755 lantes
287 1728 309 1753 A
382 1729 396 1752 6
416 1724 576 1759 praeteriret
594 1722 631 1748 ΡΣ
701 1720 830 1746 accideba
842 1721 878 1745 *t
896 1719 933 1745 L.
956 1716 1104 1744 accedebat
1123 1714 1155 1741 Μ
1223 1716 1235 1739 7
1256 1712 1342 1738 hieme
1360 1715 1393 1736 tr.
1412 1711 1444 1742 A,

181 1771 210 1797 hi
232 1770 364 1797 transacti
387 1776 443 1795 eme
462 1767 498 1793 [²¹
603 1765 745 1794 aestiuum]
771 1763 880 1789 stiiuum
900 1761 932 1787 Μ
1035 1761 1049 1785 S
1075 1766 1097 1784 6.
1125 1756 1177 1788 (vel
1199 1755 1284 1789 gaius)
1308 1756 1410 1785 caesar]
1431 1752 1449 1778 Ι

183 1812 365 1846 (RCIVSAP),
391 1817 538 1838 concaesar
556 1808 595 1840 M,
613 1809 744 1840 augustus
764 1813 859 1832 caesar
880 1804 915 1835 H,
935 1810 1029 1829 caesar
1048 1801 1111 1827 LB¹
1182 1799 1377 1825 incontantiam
1398 1795 1446 1827 Na,

185 1855 365 1883 constantiam
391 1855 428 1886 Α,
455 1852 611 1879 instantiam
639 1849 671 1876 Μ
782 1852 796 1873 9
824 1855 881 1873 acc.
912 1848 994 1877 error]
1021 1844 1039 1870 I
1061 1841 1223 1875 (Rcmlffl,
1252 1848 1303 1866 err.
1331 1846 1388 1866 acc.
1414 1837 1451 1864 II

185 1898 337 1930 (LMBAP)
444 1898 473 1921 to
493 1902 575 1921 unum
594 1899 684 1924 (unam
705 1893 737 1922 C,
757 1898 810 1916 uno
830 1889 889 1920 NS)
909 1888 943 1921 61]
963 1896 994 1914 ae
1013 1887 1045 1913 M
1147 1884 1225 1911 simul
1245 1892 1296 1909 om.
1316 1882 1347 1908 H

188 1944 218 1968 13
243 1941 424 1971 trecentenos]
449 1938 565 1964 tricenos
589 1935 607 1962 I
623 1934 746 1967 OECHS,
770 1937 894 1959 trecenos
914 1931 951 1963 N)
1055 1933 1082 1956 et
1105 1931 1134 1959 t.]
1160 1928 1206 1954 sed
1228 1931 1247 1952 t.
1268 1924 1347 1951 N-‘P2

186 1986 260 2015 tunc]
288 1985 345 2009 tum
372 1981 391 2008 I
415 1979 560 2012 (RCNHS)
678 1979 707 2003 14
735 1984 794 2002 esse
818 1974 839 2001 S
957 1977 986 2000 15
1015 1975 1045 1999 ut
1072 1976 1132 2002 (om.
1157 1969 1191 1999 Ρ)
1215 1990 1221 1996 .
1242 1991 1247 1995 .
1268 1990 1274 1995 .
1296 1990 1300 1994 .
1323 1970 1353 1994 16
1378 1974 1449 1993 anno

188 2035 238 2053 om.
253 2026 278 2053 R
365 2025 510 2051 obseruare
524 2022 555 2049 M
644 2023 671 2046 Π
692 2019 859 2045 tercalarunt
871 2017 907 2043 R¹
998 2024 1056 2042 cum
1077 2023 1126 2040 om.
1142 2013 1174 2039 Sfl
1263 2012 1369 2040 nouem]
1389 2010 1450 2034 octo

189 2068 237 2095 SR
309 2070 339 2095 18
358 2066 553 2096 tantummodo]
572 2067 721 2090 tantummo
740 2061 777 2091 R,
796 2063 900 2086 tantum
918 2059 941 2085 Α
1013 2058 1093 2091 quod]
1113 2064 1190 2089 quem
1209 2056 1231 2080 Α
1307 2055 1335 2079 lt!
1356 2053 1450 2084 depre-

189 2111 311 2142 hensum]
326 2109 378 2136 III
387 2108 507 2140 (NUP),
526 2107 718 2140 reprehensum
737 2103 836 2137 reliqui
924 2106 1067 2134 augustum
1081 2100 1111 2126 Jl
1197 2096 1325 2122 formauit
1344 2096 1366 2120 A

192 2155 223 2179 20
242 2153 405 2179 inculatione
419 2151 458 2177 Nl
530 2152 567 2181 ut]
586 2157 603 2175 u
616 2148 659 2175 Ma
731 2149 759 2173 21
781 2146 892 2171 fuerunt
910 2144 1005 2170 LlMB
1076 2141 1179 2176 possint
1198 2139 1228 2165 Α1]
1298 2140 1329 2164 24
1349 2137 1452 2170 potitus

191 2195 292 2229 (potius
311 2195 353 2226 8¹,
372 2194 477 2228 positus
500 2194 532 2224 B)
553 2194 602 2223 est]
622 2190 775 2225 potuissent
793 2190 816 2214 Α
