1706 2446
749 84 788 113 93

75 188 118 210 PL.
155 185 167 209 1
190 179 289 209 hatum
315 182 373 211 est,
404 186 472 205 mox
496 174 636 213 Pompeio
660 173 780 211 Magno,
812 172 862 210 qui
886 170 962 200 bello
987 167 1195 201 Mithridatico,
1219 166 1295 195 sicut
1318 174 1400 194 com-

156 238 169 261 2
191 230 284 261 milito
315 230 376 259 eius
401 228 491 257 Varro
522 226 625 261 tradit,
655 225 725 264 ipsis
756 223 908 254 haustibus
939 219 1099 260 periclitari
1124 219 1210 248 sidem
1234 217 1334 247 voluit.
1373 215 1401 245 id
1426 212 1475 247 19.
1501 216 1519 244 4

156 288 170 311 3
194 282 310 312 evenire
327 280 458 320 produnt
473 288 488 308 e
506 286 630 307 numero
654 276 820 310 fluminum,
845 282 972 313 quorum
996 276 1075 302 tanta
1099 270 1182 310 copia
1207 269 1246 299 ibi
1270 268 1402 303 confluit,

0 355 17 364 2.
35 334 63 368 6,
81 333 121 364 52
158 340 172 364 4
194 338 225 363 ut
255 338 390 362 naturam
420 331 507 360 maris
537 333 662 359 vertant.
708 326 718 367 ΙΙ
743 336 802 356 non
834 324 984 355 omiserim
1008 322 1086 361 quod
1110 331 1163 360 per
1187 321 1262 350 idem
1286 324 1404 358 tenipus

156 391 170 414 5
194 384 288 414 eidem
305 384 411 422 Magno
427 382 509 412 licuit
532 391 567 410 ex
583 379 664 409 India
689 377 792 407 diebus
815 381 882 406 octo
906 375 940 405 ad
958 375 1080 404 Bactros
1103 382 1197 411 usque
1221 372 1255 401 ad
1274 371 1404 400 Aliorum

158 442 172 466 6
196 437 320 471 flumen⁷
345 434 423 473 quod
448 432 543 462 innuit
566 431 661 461 Oxum
685 438 812 463 amnem,
836 427 1001 466 pervenire,
1025 425 1130 454 deinde
1154 432 1233 452 mare
1258 422 1404 460 Caspium,

0 508 17 516 2.
35 486 65 521 6,
83 486 122 517 39
160 494 173 517 7
196 487 265 516 inde
291 495 344 525 per
368 485 503 524 Caspium
528 483 562 512 ad
586 481 652 520 Cyri
677 480 771 510 amnis
794 484 952 518 penetrare
976 477 1129 510 fluentum,
1147 473 1158 514 ΙΙ
1176 474 1224 513 qui
1250 473 1405 502 Armeniae

0 559 18 566 Α.
37 538 65 573 6,
83 537 123 567 52
161 544 174 568 S
198 543 226 568 et
242 537 380 567 Hiberiae
404 537 477 565 fines
500 533 642 564 interluit.
676 530 687 572 ΙΙ
705 531 802 569 itaque
826 539 840 559 a
858 529 933 568 Cyro
956 528 1059 557 diebus
1084 536 1143 556 non
1169 525 1294 564 amplius
1318 524 1405 562 quin-
1430 525 1448 553 5

161 596 175 619 9
198 599 255 628 que
283 589 388 618 itinere
418 592 537 617 terreno
569 583 715 615 subvectis
744 581 866 612 navibus
891 581 924 610 ad
949 579 1062 609 alveum
1088 576 1219 607 Phasidis
1242 575 1406 615 pertendit:

148 647 175 671 10
198 651 252 681 per
280 641 365 670 cuius
388 647 530 668 excursus
553 637 583 666 in
609 636 736 665 Pontum
761 643 855 672 usque
878 631 967 661 Indos
991 630 1092 659 advehi
1117 628 1227 667 liquido
1251 627 1408 666 probatum

0 702 19 720 ᾳ.
37 692 66 727 4,
83 693 124 723 95
148 698 174 722 11
198 697 250 722 est.
296 690 307 731 ss
330 695 433 720 auctor
456 693 500 719 est
522 686 690 725 Xenophon
715 685 935 722 Lampsacenus
959 692 973 711 a
998 683 1083 711 litore
1109 680 1282 719 Scytharum
1307 678 1336 707 in
1361 677 1406 706 in·
1431 677 1450 707 ὓ

149 748 176 773 12
198 743 291 773 sulam
320 742 468 772 Abalciam
502 739 601 769 triduo
637 737 781 776 navigari:
816 736 877 765 eius
912 732 1144 773 magnitudinem
1180 731 1344 760 inmensam
1380 733 1407 758 et

150 800 176 824 13
200 804 294 833 paene
311 794 435 823 similem
459 790 642 822 continenti:
668 798 722 818 nec
747 789 834 827 longe
852 787 969 816 Oeonas
992 783 1131 823 separari,
1156 791 1228 821 quas
1252 781 1302 820 qui
1326 779 1409 809 habi-

150 851 178 876 14
201 850 264 876 tent
279 846 376 875 vivant
392 844 453 874 ovis
469 843 565 872 avium
582 841 761 871 marinarum
779 844 807 868 et
823 837 922 868 avenis
945 836 1030 874 vulgo
1056 833 1261 864 nascentibus:
1287 831 1410 871 perinde

152 902 179 927 15
202 897 271 927 alias
294 900 418 935 propter
441 894 614 924 constitutas
637 902 729 931 aeque
753 890 873 925 insulas,
899 897 1022 927 quarum
1041 886 1232 925 Hippopodes
1256 884 1411 922 indigenae

152 954 180 977 16
202 949 329 978 humana
360 956 453 985 usque
482 946 516 974 ad
548 944 700 983 vestigium
732 943 824 972 forma
848 941 876 970 in
903 940 1028 978 equinos
1051 938 1142 978 pedes
1164 936 1317 966 desinunt:
1350 943 1413 964 esse
1437 935 1455 965 S

154 1004 181 1029 17
205 1004 233 1029 et
256 999 484 1033 Phanesiorum7
516 1005 642 1035 [pitirum
671 1003 757 1024 aures
788 993 861 1022 adeo
885 992 913 1021 in
939 991 1060 1020 effusam
1085 987 1317 1027 magnitudinem
1342 985 1414 1014 dila-

1436 832 1452 860 =l

240 1106 348 1135 RCNH
363 1106 490 1137 LMG(B)
510 1105 582 1131 SAP

242 1168 266 1186 v.
287 1162 318 1185 15
331 1157 549 1192 Hippopodes—
562 1158 593 1183 16
612 1155 738 1181 desinunt
756 1152 913 1187 compilavit
929 1150 1053 1176 Isidorus
1074 1152 1113 1183 11,
1133 1152 1157 1179 3,
1177 1150 1207 1174 25
1262 1155 1284 1174 zv.
1308 1148 1338 1172 16
1358 1152 1417 1172 esse

156 1205 183 1229 et
194 1203 274 1233 -94,
285 1203 300 1227 2
318 1201 447 1227 vestiant:
466 1199 565 1225 similia
579 1197 704 1224 Isidorus
720 1199 759 1229 11,
773 1198 796 1228 3,
813 1198 851 1222 19.

246 1290 257 1313 1
278 1286 400 1320 rumpeio
419 1285 458 1317 M,
476 1285 537 1318 peio
557 1284 579 1310 L
675 1282 818 1308 thridatico
839 1281 872 1311 R,
891 1278 1056 1305 mithriatico
1077 1278 1098 1304 S
1194 1278 1208 1301 2
1228 1276 1280 1309 ipsi
1299 1276 1323 1302 R

159 1330 282 1357 austibus
302 1329 338 1360 L,
358 1328 470 1355 ausibus
491 1327 556 1358 GR,
576 1325 719 1352 austilibus
739 1324 767 1350 Ν
774 1346 780 1356 ,
800 1323 958 1350 haustrihus
977 1320 1010 1348 M
1077 1320 1189 1354 peritari
1209 1319 1237 1350 S,
1257 1325 1419 1352 pernoscere

161 1373 197 1400 P2
266 1372 322 1399 uol.
341 1372 386 1397 fid.
406 1373 432 1398 H
502 1372 516 1395 3
536 1369 629 1396 uenire
649 1368 672 1394 G
742 1370 757 1394 4
776 1368 867 1393 uertat
885 1365 991 1392 RCNH
1059 1371 1108 1397 per
1126 1362 1207 1394 idem]
1226 1361 1330 1395 pridem
1348 1360 1370 1386 S

161 1420 175 1443 5
195 1416 229 1442 ad
247 1416 366 1446 bactros]
387 1413 422 1440 II
437 1411 607 1443 <LM1⁷GBP,
633 1411 756 1437 bractros
775 1410 829 1439 Ma)
849 1418 908 1436 cum
929 1408 1033 1434 Plinio:
1055 1407 1082 1433 in
1102 1407 1230 1436 Bactros,
1250 1412 1266 1430 a
1284 1403 1386 1429 bactris
1406 1401 1421 1428 I

162 1458 332 1492 (RCNHSA)
403 1457 437 1483 ad
456 1457 578 1486 alierum]
598 1453 660 1485 RG,
681 1454 810 1480 dalierum
831 1450 1018 1481 ChNHBSPz
1038 1450 1149 1476 alierum
1167 1448 1209 1479 Ca,
1228 1448 1370 1475 dalietrum
1388 1448 1420 1476 A,

163 1501 292 1528 dailerum
306 1500 337 1531 L,
357 1500 477 1526 dalerum
490 1497 572 1524 MP1:
592 1497 626 1523 ad
644 1496 750 1522 Iactum
771 1495 856 1521 Plinii
873 1494 936 1520 libri
989 1496 1003 1519 6
1023 1492 1103 1526 quod]
1122 1492 1221 1526 reliqui
1241 1499 1300 1517 cum
1319 1489 1421 1519 Plinio,

164 1552 217 1577 quo
235 1542 314 1570 LMG
378 1541 484 1568 influxit
502 1540 523 1567 S
584 1541 666 1571 mare]
691 1538 719 1564 in
742 1545 816 1564 mare
834 1537 883 1563 SP
943 1539 955 1561 7
976 1536 1037 1561 inde
1056 1543 1104 1568 per
1123 1534 1244 1567 caspium
1264 1542 1316 1559 om.
1338 1534 1366 1559 H

165 1590 179 1612 S
199 1587 232 1612 ad
252 1585 316 1620 cyri]
336 1584 441 1618 adquiri
461 1583 543 1614 RCN,
562 1582 665 1616 acquiri
685 1584 712 1608 H
780 1580 917 1614 penetrari
936 1578 988 1605 MS
1057 1576 1197 1603 interludit
1216 1576 1236 1603 S
1306 1584 1332 1601 u.
1352 1582 1377 1602 a.
1397 1574 1422 1600 d.

165 1628 269 1656 RCIVH
357 1630 372 1653 9
395 1627 491 1652 itinero
516 1625 542 1651 Ν
628 1625 662 1651 ad
686 1624 794 1650 alueum
820 1631 872 1649 om.
893 1622 914 1648 S
1001 1619 1125 1654 pertendi
1143 1619 1174 1645 M
1263 1621 1290 1645 10
1314 1619 1424 1651 portum

166 1671 257 1699 RC¹H
353 1669 430 1695 indos
456 1669 553 1699 (indios
573 1667 639 1698 NH)
664 1675 688 1693 a.
711 1666 812 1699 liquido
830 1665 917 1697 (-dum
938 1663 1022 1695 RCN)
1041 1671 1066 1696 p.
1086 1665 1136 1694 est]
1156 1662 1295 1688 uenientes
1314 1660 1389 1686 india
1406 1659 1424 1685 l.

167 1723 194 1749 p.
223 1722 245 1740 ei
273 1713 365 1740 inuehi
392 1719 472 1745 posse
496 1710 554 1741 SA,
584 1710 661 1737 indos
689 1717 713 1735 a.
739 1709 756 1735 l.
781 1717 806 1742 p.
831 1715 853 1733 e.
881 1706 1020 1733 uenientes
1043 1706 1117 1731 india
1139 1705 1282 1738 probatum
1305 1706 1347 1729 est
1369 1703 1423 1728 inu.

167 1764 247 1792 posse
267 1755 292 1782 Ρ
390 1758 416 1780 11
443 1757 555 1780 auctore
577 1753 596 1778 L
695 1751 804 1784 xenoph
823 1750 875 1781 (uel
891 1749 911 1779 f)
931 1751 974 1780 on]
993 1748 1098 1781 xeneph
1118 1747 1169 1779 (vel
1186 1747 1206 1778 f)
1225 1755 1259 1773 on
1279 1745 1324 1772 LG

168 1801 365 1834 lampsacenus]
386 1797 458 1828 0Μῦ,
477 1798 639 1830 lapsaceuus
658 1795 691 1825 R,
710 1795 918 1825 lamsacla)exms
937 1792 1038 1826 reliqui
1099 1792 1126 1817 in
1146 1799 1195 1817 om.
1215 1790 1238 1816 L
1303 1791 1332 1815 12
1351 1788 1426 1814 abal-

170 1843 213 1869 cia
226 1842 258 1873 R,
277 1842 406 1868 abaltiam
421 1840 484 1866 HA:
504 1839 619 1865 balciam
640 1837 745 1864 Plinius
832 1838 942 1867 oeonas]
962 1834 981 1860 I
996 1835 1061 1865 (Rc,
1081 1841 1181 1860 aeonas
1201 1836 1236 1865 H,
1255 1840 1372 1859 oeeanus
1393 1830 1427 1861 Ν,

171 1892 286 1912 oecenus
312 1884 346 1915 S,
373 1890 488 1910 ocaenas
512 1882 559 1913 A),
584 1888 700 1907 oaeones
725 1879 761 1906 II
779 1878 851 1911 (LI’,
871 1886 988 1905 oaeonas
1011 1877 1055 1908 M,
1078 1884 1176 1903 oeones
1203 1876 1240 1905 Β,
1265 1882 1362 1901 aecues
1383 1874 1429 1900 G).-

171 1928 280 1954 Oeonae
299 1926 419 1957 Plinius,
442 1926 547 1952 Oeueas
566 1923 639 1950 Mela
659 1925 682 1954 3,
702 1926 725 1954 6,
746 1926 759 1949 S
779 1922 866 1953 (Vnt.)
937 1922 1038 1947 habeut
1057 1919 1075 1946 I
1090 1918 1259 1951 (RCNHSA)
1333 1919 1362 1943 11
1381 1917 1427 1942 ad-

172 1970 248 1996 uenis
267 1969 292 1995 R
364 1972 393 1994 15
413 1977 454 2002 pr.
474 1967 623 1994 contitutas
642 1966 676 1997 N,
695 1967 782 1993 const.
800 1968 911 1998 propter
930 1964 951 1990 S
1020 1963 1107 1989 insula
1126 1962 1148 1988 L
1219 1968 1332 1994 quorum
1352 1960 1373 1985 11

172 2012 350 2046 hippopodes]
369 2011 408 2043 N,
434 2010 609 2044 byppopodes
628 2008 679 2041 ΕΙ),
700 2007 857 2042 hypopodes
876 2007 924 2038 Ra,
942 2006 1098 2040 yppopodes
1119 2006 1146 2037 C,
1165 2003 1332 2038 hippopodes
1352 2000 1431 2029 SAP.

174 2055 305 2089 hippodes
325 2054 391 2085 MG,
414 2054 526 2087 ippodes
548 2052 598 2078 HL
712 2054 741 2077 16
766 2050 900 2081 desinunt]
920 2051 1012 2075 sinunt
1031 2049 1051 2074 S
1155 2050 1223 2077 esse]
1243 2049 1283 2071 est
1303 2048 1328 2072 H

178 2100 205 2123 17
232 2098 421 2130 phanesiorum
447 2096 464 2122 I
483 2095 584 2127 (CNH‚
611 2095 797 2128 phenesiorum
823 2093 860 2125 R,
885 2093 1069 2118 fannesiorum
1093 2090 1172 2120 MP)
1196 2097 1254 2115 cnm
1280 2087 1368 2113 indice
1386 2086 1430 2113 M.-

176 2140 298 2173 pannesii
316 2143 341 2166 et
354 2139 455 2170 Plinio,
473 2138 644 2164 hanesiorum
664 2136 681 2162 I
697 2136 809 2168 (Lmen
830 2136 957 2162 Panotios
979 2134 1043 2160 dicit
1063 2133 1187 2159 Isidorus
1210 2134 1248 2163 ll,
1268 2134 1290 2158 3.
1314 2134 1351 2163 11»,
1370 2137 1432 2155 san-

178 2182 253 2208 nalos
272 2182 344 2209 Mela
363 2185 387 2213 3,
406 2184 430 2213 ὓ,
449 2184 463 2208 S
482 2180 569 2213 (Vnt.)
639 2181 729 2210 aures]
748 2179 782 2205 ad
800 2185 879 2204 aures
902 2177 923 2203 L
995 2177 1142 2203 dilatantur
1162 2176 1198 2201 H¹
