1593 2409
725 105 892 132 LXXXVIII

186 195 327 234 appellant
357 203 423 223 cum
453 194 481 222 in
514 199 595 232 parte
631 199 758 223 extrema
789 192 918 231 pendere
948 192 1079 220 videatur
1109 200 1143 220 ex
1173 191 1313 220 Plinianis
1343 193 1375 225 5,
1400 192 1439 221 64

186 245 421 284 praecedantque
445 244 523 282 apud
539 244 672 274 Solinum
697 248 833 282 excerpta
851 253 885 272 cx
903 242 988 272 Plinii
1010 242 1105 280 capite
1122 243 1150 276 5,
1168 242 1217 276 62,
1241 242 1331 280 magis
1348 247 1391 271 est
1408 246 1440 270 ut

184 298 220 326 sit
242 296 335 325 Solini
358 304 426 324 casu
450 300 479 324 et
501 295 562 333 ipse
585 296 710 325 omissus
732 295 767 324 ab
791 304 825 324 eo
848 294 896 332 qui
921 293 1115 331 archetypum
1130 292 1199 321 illud
1225 293 1358 321 exaravit.
1403 292 1438 321 de

184 347 305 385 reliquis
328 350 448 375 externa
472 347 644 376 auctoritate
669 346 747 375 nulla
772 345 899 375 defensis
923 344 980 373 iam
1004 343 1149 372 sententia
1172 343 1291 372 serenda
1316 349 1359 372 est
1383 352 1440 372 una

186 407 251 427 cum
276 397 346 426 locis
370 397 424 426 illis
448 397 568 426 mutatis
591 403 619 426 et
643 397 839 435 transpositis,

274 448 452 477 Locutiones
481 449 604 477 duarum
637 447 798 476 editionum
828 447 877 476 ubi
902 446 1058 480 differunt,
1090 444 1125 473 de
1157 444 1248 473 forma
1280 444 1442 482 posteriore

186 500 231 529 vix
256 500 310 528 erit
334 499 382 537 qui
402 499 485 528 aliter
508 499 616 528 iudicet
638 504 725 537 atque
746 498 882 527 iudicavit
906 496 1077 526 emendator
1093 495 1245 524 Leidensis
1268 495 1301 523 ad
1320 494 1442 533 primam

187 560 275 589 quam
299 550 422 580 oss'endit
444 550 507 579 eius
529 550 648 587 generis
672 550 847 579 sententiam
874 549 1018 577 adnotans
1042 546 1119 585 ylosa
1143 551 1190 574 est.
1235 546 1353 574 conticit
1383 554 1443 574 rem

188 606 342 630 auctorum
371 601 561 639 antiquorum
590 601 769 639 comparatio
799 609 865 629 011111
895 608 998 628 eorum
1028 607 1101 635 quos
1131 597 1248 625 Solinus
1281 596 1446 635 compilavit

190 657 250 681 tum
275 652 324 690 qui
349 652 492 680 Soliuum.
534 661 568 680 ex
585 652 640 681 illis
659 661 751 680 unum
775 660 888 680 comma
912 650 1030 679 afferam
1059 658 1086 686 p.
1105 649 1152 682 77,
1171 649 1189 678 6
1212 652 1244 677 ut
1259 647 1346 676 altior
1360 648 1446 676 aesti-

190 708 285 733 metur
310 712 392 741 quam
418 703 492 732 wide
520 702 623 731 imbres
646 703 750 732 0111111711
780 702 814 730 311
839 700 959 730 verbum
990 700 1050 728 sere
1074 703 1223 737 sumptum
1254 708 1288 727 ex
1312 697 1384 727 Mela
1416 698 1445 726 in

191 754 293 783 tertiae
318 754 416 783 classis
439 753 521 782 libris
544 754 583 782 ita
605 758 748 782 mutatum
771 758 803 782 ut
824 752 912 781 nubes
940 751 1119 790 supervadat.
1159 750 1205 780 cui
1229 749 1318 778 multa
1342 748 1445 778 similia

192 805 256 834 addi
279 809 412 843 possunt,
437 804 487 833 sed
505 804 588 833 mitto
605 813 638 833 ea
662 804 691 833 in
709 813 741 832 re
761 803 896 833 evidenti.
929 802 984 830 13111
1002 801 1158 831 Salmasius
1180 810 1209 839 p.
1229 801 1308 831 1178
1332 802 1363 828 in
1383 801 1448 838 pri-

195 865 242 885 ore
265 856 396 890 editione,
421 856 526 893 inquit,
551 855 667 884 Solinus
689 864 748 884 non
770 864 816 883 res
839 859 962 888 tantum,
985 852 1033 882 sed
1055 854 1116 891 ipsa
1140 861 1230 890 paene
1246 850 1340 880 Plinii
1362 850 1446 879 verba

195 909 362 945 usurpavit,
385 912 417 935 ut
440 916 476 935 ea:
499 908 628 935 sescentis
650 905 716 935 Iocis
739 915 839 935 verum
862 913 917 933 esse
942 905 1060 937 scimus,
1092 905 1122 932 in
1149 904 1305 941 posteriore
1334 910 1378 930 res
1402 910 1449 930 re-

194 960 289 991 tinuit,
312 957 398 987 verba
422 959 594 986 immutavit.
640 957 711 986 haec
731 957 773 985 rei
797 955 952 994 explicatio
977 953 1089 983 admitti
1114 957 1221 991 posset,
1245 952 1269 981 si
1292 951 1450 981 diversitati

195 1009 319 1037 duarum
348 1008 508 1037 editionum
539 1008 723 1037 ratiocinatio
747 1007 843 1045 aliqua
870 1005 1004 1035 subesset
1034 1005 1093 1033 sive
1117 1002 1278 1042 probabilis
1301 1003 1359 1031 sive
1382 1011 1449 1040 pei·—

195 1069 287 1088 versa.
325 1060 375 1089 sed
393 1060 442 1098 qui
458 1060 588 1088 libellum
606 1059 793 1097 interpolavit
821 1065 998 1096 quamquam
1021 1055 1051 1084 in
1076 1055 1255 1094 praefatione
1279 1053 1318 1082 ait
1340 1053 1396 1082 hoc
1420 1061 1451 1081 se

196 1111 304 1149 egisse,
334 1115 365 1140 ut
395 1111 470 1140 libro
500 1111 595 1139 adhuc
625 1109 777 1148 ‘impolito'
813 1108 993 1138 calamistros
1022 1106 1155 1135 inureret
1184 1110 1213 1134 et
1245 1103 1375 1134 ‘scabrae
1405 1103 1451 1132 in-

197 1161 350 1191 formitatis
373 1161 581 1199 proditionem‘
604 1161 708 1190 additis
731 1160 852 1198 argutiis
873 1157 1088 1197 ‘extingueret⁷,
1113 1165 1147 1185 eo
1170 1155 1315 1195 promisso
1341 1163 1452 1192 nequa-

198 1222 284 1250 quam
308 1213 402 1247 stetit;
427 1222 495 1241 nam
519 1222 592 1250 quae
617 1212 749 1250 reposuit
776 1219 923 1250 peraeque
948 1218 1002 1238 nec
1026 1208 1147 1237 meliora
1171 1211 1239 1236 sunt
1260 1205 1376 1235 reiectis
1401 1214 1452 1233 ne—

199 1273 255 1301 que
272 1263 460 1301 exquisitiora
477 1263 603 1300 magisve
620 1262 778 1296 recondita,
803 1262 852 1291 sed
870 1259 1073 1290 tantummodo
1090 1258 1154 1293 alia,
1179 1262 1209 1287 ut
1229 1255 1450 1295 grammaticum

198 1315 325 1352 aliquem
355 1314 576 1352 deprehendere
603 1314 752 1343 videamur
783 1312 924 1341 orationis
948 1311 1061 1349 copiam
1093 1312 1290 1338 ostentantem
1321 1307 1452 1344 adeoque

199 1365 371 1394 scholastico
396 1365 535 1394 exercitio
562 1364 698 1394 vocabula
723 1373 777 1402 pro
807 1362 956 1395 vocabulis
985 1361 1220 1391 substituentem.
1265 1358 1361 1396 ipsum
1385 1365 1454 1386 auc-

199 1421 294 1445 torem
325 1415 392 1444 licet
421 1416 524 1445 exilem
556 1416 593 1445 ita
622 1425 673 1444 sua
697 1415 840 1453 sprevisse
865 1419 893 1443 et
916 1418 984 1442 aute
1008 1411 1140 1450 exposita
1164 1410 1227 1439 sine
1251 1418 1336 1438 causa
1359 1413 1454 1437 1111113-

201 1467 273 1496 visse
302 1467 381 1496 omni
412 1467 617 1505 probabilitate
647 1472 734 1496 caret.
780 1475 867 1504 quam
896 1464 932 1493 ob
957 1472 1019 1493 rem
1044 1461 1199 1491 verisimile
1229 1465 1273 1489 est
1295 1458 1455 1489 secundam

201 1518 276 1547 113110
300 1518 456 1547 editionem
483 1528 541 1547 non
566 1517 714 1556 proficisci
737 1517 772 1545 ab
796 1521 933 1550 auctore,
957 1515 1007 1544 sed
1032 1523 1046 1542 a
1071 1511 1261 1551 grammatico
1285 1510 1382 1548 aliquo
1407 1518 1455 1538 ae-

201 1569 266 1598 tatis
290 1569 468 1607 posterioris,
493 1569 543 1606 11111
559 1579 612 1598 5110
630 1568 750 1598 nominc
766 1576 926 1606 suppresso
944 1565 997 1595 sub
1022 1564 1125 1593 mnbra
1149 1562 1276 1592 auctoris
1299 1562 1329 1590 iu
1346 1559 1454 1590 scholis

202 1620 313 1658 recepti
336 1620 426 1649 latere
450 1620 544 1649 vellet.

287 1670 396 1699 Eodem
421 1671 501 1700 ducit
523 1676 677 1700 auctorum
701 1679 813 1705 eorum,
839 1669 887 1707 qui
912 1668 1031 1705 antiqua
1057 1671 1150 1695 aetate
1173 1664 1266 1693 Solini
1289 1661 1387 1691 libello
1412 1660 1455 1689 usi

202 1726 271 1750 sunt
294 1723 488 1759 comparatio:
520 1727 686 1760 sequuntur
715 1721 750 1749 ad
775 1729 866 1749 unum
897 1728 1000 1748 omnes
1024 1717 1229 1746 recensionem
1259 1722 1338 1749 eam,
1369 1720 1456 1750 quam

203 1777 427 1810 repraesentant
450 1773 556 1802 classes
580 1773 672 1811 prima
697 1771 894 1808 secundaque.
932 1768 1118 1805 recognitae,
1149 1776 1163 1794 a
1188 1775 1260 1804 qua,
1289 1764 1311 1793 si
1335 1762 1458 1802 probata

203 1828 279 1852 esset
295 1823 330 1851 ab
348 1823 410 1861 ipso
434 1828 562 1857 auctore,
586 1823 765 1862 posteriores
789 1830 892 1851 omnes
915 1819 1091 1849 abstinuisse
1116 1826 1219 1856 parum
1244 1814 1382 1845 credibile
1406 1817 1458 1847 est,

203 1875 279 1912 apud
303 1884 353 1903 eos
376 1874 482 1903 indicia
505 1880 583 1903 certa
608 1874 686 1903 nulla
710 1873 834 1912 reperiri
858 1872 913 1901 iam
933 1870 1131 1900 ostendemus.
1176 1867 1338 1897 tenendum
1362 1869 1457 1894 autem

205 1925 259 1954 erit
286 1925 405 1954 minutis
431 1932 458 1954 ct
488 1925 686 1964 singularibus
710 1925 739 1953 in
764 1925 816 1953 hac
840 1923 1013 1961 quaestione
1036 1921 1133 1950 locum
1158 1928 1219 1948 non
1243 1917 1370 1947 dandum
1395 1924 1457 1944 esse

205 1976 234 2005 in
264 1982 383 2005 auctore
414 1978 537 2006 multum
567 1977 695 2005 lectitato
719 1983 752 2002 ac
782 1980 894 2003 mature
919 1973 1040 2002 omnino
1071 1970 1175 2010 glossis
1204 1970 1348 1998 instructo
1372 1966 1460 1995 ditto-

205 2028 403 2066 graphiisque.

290 2079 475 2108 Ammiauum
495 2088 560 2107 011111
584 2088 671 2117 supra
688 2080 727 2116 (p.
746 2076 821 2113 xlx)
843 2075 1045 2114 negaverimus
1071 2073 1135 2111 ipso
1153 2071 1254 2099 Solino
1277 2077 1362 2098 usum
1387 2076 1460 2101 esse,

209 2140 267 2159 non
285 2131 462 2169 perveniunt
475 2131 509 2160 ad
522 2131 597 2159 lianc
611 2128 854 2167 disceptationem
867 2126 923 2155 loci
940 2125 1036 2164 pauci,
1053 2123 1105 2152 ubi
1122 2120 1270 2151 consentit
1286 2128 1352 2148 cum
1370 2118 1461 2147 classe

209 2182 293 2210 tertia
316 2182 407 2221 magis
430 2192 518 2221 11113111
542 2190 608 2210 011111
632 2179 766 2217 reliquis,
798 2178 909 2207 scilicet
933 2176 1012 2214 quod
1045 2184 1073 2214 p.
1091 2175 1146 2209 80,
1166 2174 1218 2207 15,
1249 2171 1298 2200 ubi
1321 2170 1350 2199 in
1376 2168 1462 2198 bonis
