1593 2409
626 87 717 114 XXXI

171 181 327 221 aliquoties
351 181 423 210 adeo
452 178 582 210 deflectit
605 176 640 206 ad
666 174 801 205 familiam
826 173 960 206 tertiam,
989 176 1021 200 ut
1038 169 1126 199 habet
1152 177 1180 206 p.
1205 167 1254 201 22,
1282 166 1300 196 6

171 234 222 263 hoc
246 234 331 263 etiam
353 235 521 270 receperunt
544 229 618 269 quod
646 244 687 249 —
717 227 773 260 35,
794 227 807 256 1
831 234 888 264 par
911 224 1050 252 sententia
1074 225 1113 250 est
1137 221 1212 248 inter
1235 225 1301 246 auc-

169 291 244 315 tores
269 301 310 306 --
334 285 392 318 35,
418 284 435 314 3
459 291 515 313 esse
538 284 739 318 nuncupatum
768 293 810 298 ——
841 277 890 308 47,
920 275 956 304 16
985 273 1096 311 fatetur
1119 269 1241 300 tenebris
1264 285 1303 289 —

172 337 221 371 49,
242 337 276 366 17
294 336 402 364 mirum
417 339 456 363 est
473 338 501 363 et
520 341 595 371 quae
618 332 793 368 sequuntur.
833 330 1016 365 quapropter
1043 323 1072 352 in
1097 322 1151 350 hac
1175 319 1305 349 editione

170 391 261 417 testes
284 386 422 416 meliores
447 388 551 414 nactus
575 380 838 421 praevaricatorem
861 375 964 406 abieci.

131 446 327 477 BONONIAE

46 501 64 530 5
88 499 170 528 univ.
196 499 235 528 73
259 497 328 536 (aul.
352 496 377 525 11
401 496 423 524 A
452 494 522 531 115)
546 501 620 522 saec.
637 490 697 520 XV.
734 487 907 527 inscriptio:
936 485 965 515 C.
982 483 1075 514 Iulius
1100 482 1219 511 Solinus
1241 489 1307 519 yra-

176 550 298 579 malicus
319 546 472 587 polikislor
495 544 529 574 ab
555 545 616 582 ipso
639 541 732 571 editus
755 545 779 570 et
794 540 956 577 recoymzus
980 536 1012 565 de
1034 537 1092 564 situ
1115 533 1192 563 orbis
1216 537 1309 562 terra-

176 610 243 630 rum
267 604 291 628 ec
315 598 347 627 de
369 596 490 635 sz'nyulz's
512 593 695 625 mirabilibus
711 591 850 632 quomodo
874 589 1025 619 habentur.
1063 588 1230 623 sequuntur
1253 581 1308 612 sub

177 651 262 681 titulo
279 649 396 679 Solinus
413 647 541 677 Aduento
557 645 677 675 salutem
694 641 892 682 praefationes
910 638 1023 669 novicia
1042 636 1180 676 primum,
1203 634 1310 663 deinde

177 701 316 741 genuina.
361 698 562 737 subscriptum
587 700 647 726 est:
672 694 766 724 Iulius
789 692 907 722 Solinus
931 690 1047 729 ewplicit
1069 687 1164 718 studio
1195 691 1221 716 et
1244 684 1309 714 dili-

175 754 272 792 9entia
296 752 396 781 domni
421 749 568 779 Theodosii
595 746 778 777 invictissimi
804 744 956 783 principis.
1012 741 1060 769 (leo
1084 740 1194 778 qratias
1216 745 1309 766 amen.

175 804 325 844 specimen
353 812 368 831 a
393 801 519 839 Georgio
543 798 677 828 Wentzel
694 795 881 834 Gottingensi
904 802 971 824 sero
996 791 1105 830 accepi,
1130 792 1313 828 quapropter

175 857 205 886 in
235 853 399 894 specimine
431 856 535 881 nostro
566 850 640 880 liber
671 858 730 878 non
756 850 916 885 comparet.
967 843 1056 873 habet
1077 842 1190 871 hiatum
1214 839 1314 869 classis

177 907 289 946 primae
311 915 340 944 p.
357 903 544 939 209—213;
567 902 597 931 in
615 900 741 930 lectione
758 907 851 937 prope
868 895 981 926 aceedit
1004 894 1039 923 ad
1063 897 1199 923 nostrum
1217 901 1246 921 n.
1263 892 1313 921 24.

177 956 304 996 exempli
321 964 407 985 causa
425 959 496 984 uoto
513 954 600 982 haec:
625 953 675 987 22,
693 952 711 982 6
733 951 799 990 plus
814 949 896 979 solito
913 964 954 968 —-
974 948 1042 981 150,
1061 947 1079 975 4
1100 943 1257 983 pancheam
1273 958 1313 962 —-

181 1010 250 1045 151,
268 1009 286 1039 3
307 1008 437 1047 petronio
460 1022 503 1026 —-
528 1005 597 1038 164,
617 1005 655 1035 13
679 1001 794 1032 ambalat
818 1008 956 1039 uaporem
972 995 1161 1037 (interpolata
1184 993 1260 1024 unde
1284 1015 1291 1022 .
1310 1015 1315 1021 .

177 1063 355 1100 putaverunt
375 1057 495 1093 absunt)
519 1073 559 1077 —
583 1055 654 1090 208,
674 1056 687 1084 1
714 1063 727 1082 e
749 1062 780 1082 re
804 1053 874 1090 (om.
897 1051 979 1085 nata)
1004 1065 1045 1070 —
1069 1047 1142 1081 208,
1160 1047 1177 1077 3
1202 1045 1290 1075 addit.

54 1123 72 1153 6
97 1120 177 1150 univ.
202 1120 286 1150 2543
311 1119 408 1156 (antea
435 1117 507 1154 186)
537 1115 664 1153 scriptus
694 1118 762 1142 ante
792 1120 867 1141 saec.
891 1109 951 1139 XV.
997 1106 1168 1146 inscriptio:
1196 1104 1225 1134 C.
1247 1103 1319 1133 Iulii

184 1171 281 1200 Solim'
307 1169 475 1199 collectanea
490 1177 589 1197 rerum
605 1163 836 1195 memorabilium
857 1162 1016 1200 incipiunc;
1040 1162 1208 1196 sequuntur
1231 1164 1318 1194 prae-

183 1222 309 1251 fationes
338 1220 466 1259 primum
490 1223 617 1252 vetusta,
647 1215 754 1245 deinde
778 1213 902 1243 novicia.
958 1209 1136 1248 subscriptio
1162 1208 1242 1238 nulla
1266 1211 1319 1236 est.

181 1272 247 1302 libri
267 1272 354 1301 simul
370 1276 457 1309 atque
474 1268 679 1309 praecedentis
702 1266 853 1305 specimen
871 1263 981 1302 accepi.
1020 1262 1129 1291 adsunt
1152 1258 1316 1297 interpola-

184 1324 280 1354 tiones
304 1328 361 1352 tam
386 1322 486 1351 classis
502 1320 605 1350 tertiae
622 1329 650 1358 p.
670 1319 739 1353 118,
757 1319 785 1348 2.
813 1317 882 1351 164,
902 1315 938 1346 13
963 1322 1052 1352 quam
1076 1311 1185 1342 codicis
1201 1309 1320 1339 Heidel-

182 1374 337 1413 bergensis
368 1375 443 1407 165,
469 1375 496 1403 5.
535 1371 678 1401 lectiones
710 1373 780 1398 noto
806 1368 872 1396 has:
903 1366 959 1401 22,
983 1367 1001 1396 5
1024 1365 1144 1402 scriptas
1168 1379 1210 1384 —-
1232 1362 1317 1397 23,1

183 1426 332 1456 humatum
361 1443 403 1446 —
428 1423 555 1458 139,12
578 1423 665 1461 quari
687 1438 728 1442 —-
753 1420 824 1454 150,
842 1419 859 1448 4
880 1426 1002 1456 peneam
1025 1432 1065 1437 ——
1092 1416 1162 1450 151,
1182 1415 1200 1445 3
1220 1412 1321 1452 publio

184 1479 308 1516 apponio
332 1493 372 1497 —-
399 1477 475 1510 165,
500 1475 518 1504 2
543 1474 664 1503 dicatam
687 1471 784 1500 colunt
807 1487 846 1490 ——
879 1470 956 1504 208,
981 1469 999 1498 3
1023 1467 1120 1497 abdica
1149 1483 1190 1487 —-
1213 1465 1285 1499 212,
1303 1465 1321 1493 5

186 1537 323 1566 magnum
345 1536 421 1557 reor.
474 1534 569 1564 prope
593 1522 704 1553 accedit
729 1522 764 1551 ad
796 1526 930 1550 nostrum
957 1521 996 1551 34
1020 1518 1107 1548 etiam
1132 1517 1161 1546 in
1186 1515 1323 1545 lectioni-

187 1579 242 1608 bus
259 1580 355 1608 adhuc
372 1587 407 1607 ex
424 1587 458 1607 eo
484 1577 546 1606 solo
564 1574 700 1609 enotatis,
724 1578 756 1602 ut
780 1577 849 1602 sunt
873 1573 923 1606 30,
942 1572 958 1601 7
983 1569 1121 1609 ayyervtla
1138 1584 1178 1588 -
1194 1567 1263 1601 139,
1283 1567 1320 1596 13

188 1639 315 1660 coercere
327 1647 368 1651 -
383 1631 452 1665 151,
468 1630 485 1659 3
499 1626 563 1656 add.
580 1632 611 1656 ut
624 1625 724 1656 tullius
738 1641 777 1646 -
792 1624 863 1658 208,
880 1624 893 1652 1
912 1621 1149 1651 hereaeamnacam
1162 1636 1203 1640 —
1217 1620 1289 1653 213,
1303 1619 1321 1647 2

188 1683 324 1721 fontium.

148 1748 362 1780 BRVXELLIS

64 1812 80 1841 7
107 1819 135 1839 n.
162 1810 264 1840 10066
289 1817 365 1839 saec.
389 1807 451 1837 XII.
495 1805 649 1845 inscriptio
674 1804 772 1834 classis
802 1801 951 1832 secundae
978 1798 1127 1829 laterculis
1149 1796 1325 1837 praemissa:

192 1859 311 1890 Solinus
333 1868 432 1889 rerum
456 1857 648 1887 collectarimn
672 1856 757 1894 infra
779 1856 954 1893 scriptarum
977 1853 1024 1881 sic.
1067 1849 1247 1887 subscriptio
1271 1857 1325 1886 po-

195 1916 256 1941 stea
280 1911 392 1940 adiecta
416 1919 506 1939 manu
533 1918 609 1938 saec.
632 1907 696 1936 XIV
720 1907 792 1935 haec
816 1909 874 1935 est:
906 1902 1023 1942 emplicit
1046 1901 1118 1931 liber
1140 1900 1212 1929 Iulii
1233 1898 1329 1928 Solini

198 1962 230 1992 de
253 1963 310 1992 situ
334 1961 411 1992 orbis
434 1965 581 1990 terrarum
604 1964 629 1989 ec
652 1959 684 1988 de
706 1956 828 1996 sinyulis
851 1953 1033 1985 mirabilibus
1056 1961 1108 1992 que
1138 1950 1244 1981 mundi
1265 1959 1327 1980 am-

197 2014 257 2043 bitu
280 2014 473 2043 continentur.

67 2074 85 2105 8
111 2083 140 2103 n.
167 2074 270 2105 10862
295 2082 369 2103 saec.
392 2071 469 2101 XIII.
515 2069 694 2109 subscriptio
725 2067 890 2107 (inscriptio
916 2064 1010 2105 nulla)
1040 2063 1140 2094 elassis
1163 2061 1326 2092 secundae:

197 2124 312 2163 eoeplicic
335 2123 406 2153 liber
429 2122 458 2152 C.
475 2121 545 2152 Iulii
561 2121 656 2152 Solini
677 2120 861 2150 collectarum
884 2127 988 2148 rerum
1011 2114 1242 2146 memorabilium
1265 2111 1328 2150 plu-

197 2178 341 2206 rimarum
362 2174 496 2212 feliciter.
