1706 2446
735 41 795 70 135

73 159 117 180 PL.
154 153 167 177 1
190 144 290 184 glabra
321 146 406 177 sunt,
436 144 469 169 ut
498 136 622 177 pronius
645 133 681 163 sit
705 130 780 160 cutis
804 126 936 158 laevitate
959 119 1155 163 proximantia
1179 113 1336 146 aemulari:
1368 112 1397 141 in

153 204 167 228 2
190 198 246 227 hoc
265 202 374 225 novum
391 196 435 221 est
451 199 484 220 ac
501 187 650 226 singulare
673 182 825 213 hirsutiam
851 178 900 217 pili
925 176 1059 206 colorum
1084 171 1161 200 vices
1185 170 1291 198 facere.
1330 164 1400 193 hinc

156 256 169 279 3
193 247 290 279 evenit
312 251 345 275 ut
369 241 525 273 difficulter
549 238 615 277 capi
639 235 741 275 possit.

14 307 42 340 8,
61 305 119 335 123
156 307 170 331 4
272 297 283 338 ll
301 293 480 333 Aethiopicis
496 290 573 329 lupis
589 286 743 328 proprium
761 288 813 316 est,
838 280 916 319 quod
935 279 962 307 in
981 274 1112 307 saliendo
1129 273 1167 302 ita
1188 271 1270 300 nisus
1293 267 1405 297 habent
1428 261 1481 297 30,
1504 262 1542 292 27

160 358 174 381 5
197 351 287 385 alitis,
317 353 349 377 ut
379 355 439 376 non
469 342 561 380 magis
590 338 749 379 proficiant
779 342 867 363 cursu
892 338 978 369 qnam
1003 332 1118 356 meatu:
1149 322 1284 352 homines
1306 324 1404 349 tamen

161 410 175 433 6
198 409 359 440 numquam
383 399 538 435 impetunt.
577 391 682 420 bruma
705 385 811 417 comati
831 387 917 417 sunt,
941 383 1049 409 aestate
1075 375 1161 406 nudi:
1186 373 1269 402 thoas
1291 372 1407 399 vocant.

0 459 48 492 .8,
67 458 126 488 125
163 461 177 485 7
199 454 208 495 {l
230 452 342 493 hystrix
365 456 484 488 quoque
507 444 576 474 inde
599 440 655 471 loci
681 434 929 476 frequentissima,
953 428 1075 461 erinacii
1098 425 1210 459 similis,
1234 422 1328 461 spinis
1351 425 1410 449 ter·
1434 417 1473 448 28

164 511 178 536 8
201 514 270 545 gum
287 501 410 541 hispida,
434 507 506 537 quas
522 496 699 535 plerumque
722 490 830 519 laxatas
852 483 1029 515 iaculatione
1054 477 1159 509 emittit
1180 472 1357 507 voluntaria,
1381 475 1413 500 ut

12 559 131 594 10,136
167 564 181 587 9
203 555 326 586 assiduis
342 551 511 582 aculeorum
528 545 636 577 nimbis
659 550 748 572 canes
771 538 906 568 vulneret
929 535 1113 572 ingruentes.
1132 527 1143 568 ss
1161 527 1238 557 illius
1262 524 1334 554 caeli
1356 522 1416 552 ales
1443 520 1482 549 29

155 614 182 638 10
205 612 250 638 est
277 613 418 645 pegasus:
450 600 498 631 sed
528 599 601 627 haec
624 595 683 625 ales
707 591 848 631 equinum
875 586 947 616 nihil
971 587 1088 623 praeter
1111 589 1197 610 aures
1220 576 1317 607 habet.
1355 578 1415 603 tra-

156 665 182 690 11
205 666 303 698 gopan
327 663 446 694 quoque
470 651 528 681 avis
551 648 644 679 maior
668 643 783 683 aquilis,
807 638 949 669 cornibus
972 633 1104 665 arietinis
1127 629 1299 670 praeferens
1322 634 1417 655 arma-

156 717 184 741 12
206 715 268 740 tum
292 710 389 746 caput.

0 790 1 793 η
19 771 94 796 12.86-
109 769 135 791 89
158 768 185 793 13
287 759 298 800 ῃ
314 757 474 795 Aethiopes
490 754 593 791 legunt
608 750 789 780 cinnamum.
828 741 840 783 u
871 742 898 771 id
923 741 1082 769 frutectum
1100 734 1155 764 situ
1176 731 1257 762 brevi
1282 728 1422 761 nascitur,
1448 726 1487 755 30

0 839 13 846 2.
34 816 81 850 12,
98 815 135 845 91
161 820 189 844 14
211 821 291 843 ramo
307 808 408 840 humili
425 811 454 836 et
470 811 617 844 represso,
642 805 804 836 numquam
821 794 897 824 ultra
913 792 986 821 (luas
1010 788 1095 818 ulnas
1118 782 1295 815 altitudinis:
1314 778 1326 820 ss
1343 778 1422 817 quod

161 871 189 896 15
212 862 349 903 gracilius
377 856 550 899 provenerit
579 852 719 883 eximium
746 847 839 886 magis
870 843 1001 873 ducitur:
1033 837 1112 878 quod
1144 837 1173 866 in
1198 831 1423 864 crassitudinem

0 942 17 949 ,.
36 918 84 952 12,
101 917 140 947 89
164 922 192 947 16
214 913 405 945 extuberatur
420 906 573 947 despectui
590 909 642 934 est.
674 900 686 943 Η
703 908 804 930 verum
821 895 929 934 legitur
951 902 1004 932 per
1027 888 1195 920 sacerdotes
1218 883 1321 914 hostiis
1343 880 1427 921 prius
1452 880 1486 909 31

165 973 192 998 17
215 965 321 996 caesis:
354 971 428 1001 quae
458 968 526 989 cum
556 954 719 987 litaverint,
750 950 938 980 observatur,
968 948 1001 973 ut
1029 940 1132 971 messis
1156 948 1211 967 nec
1235 940 1332 965 ortum
1357 931 1427 962 solis

0 1033 19 1052 μ.
39 1021 87 1055 12,
103 1020 143 1051 90
166 1024 194 1048 18
216 1016 356 1055 anticipet
379 1022 434 1042 nec
458 1009 626 1049 egrediatur
649 1010 796 1034 occasum.
836 999 847 1038 {l
864 995 998 1037 quisquis
1021 992 1220 1033 principatum
1243 990 1341 1020 tenet,
1365 991 1427 1013 sar-

168 1075 195 1100 19
219 1071 386 1098 mentorum
404 1072 523 1093 acervos
544 1061 624 1089 hasta
648 1055 757 1089 dividit,
782 1060 857 1090 quae
880 1052 991 1079 sacrata
1016 1049 1059 1074 est
1081 1044 1110 1072 in
1136 1042 1192 1071 hoc
1215 1035 1428 1068 ministerium:

169 1126 197 1151 20
220 1124 307 1158 atque
337 1117 375 1146 ita
406 1114 502 1154 portio
533 1108 752 1148 manipulorum
782 1103 835 1133 soli
859 1101 988 1130 dicatur:
1018 1104 1093 1134 quae
1118 1093 1141 1123 si
1165 1092 1240 1121 iuste
1264 1088 1353 1117 divisa
1377 1088 1430 1118 est,

170 1177 197 1201 21
220 1174 328 1210 sponte
351 1165 531 1197 incenditur.

0 1224 148 1257 „32125-
171 1229 199 1253 22
300 1219 311 1261 Η
333 1219 415 1249 Inter
444 1217 516 1246 haec
547 1222 622 1252 quae
652 1209 778 1239 diximus
809 1205 905 1234 nitore
933 1199 1051 1230 caerulo
1075 1193 1252 1236 hyacinthus
1275 1188 1436 1221 invenitur,
1463 1185 1502 1215 :32

32 1268 92 1299 126
172 1280 201 1304 23
224 1272 297 1312 lapis
314 1270 470 1310 pretiosus,
494 1267 517 1296 si
542 1264 659 1303 quidem
684 1255 873 1297 inculpabilis
896 1251 1078 1291 reperiatur:
1104 1251 1148 1277 est
1172 1245 1250 1275 enim
1273 1241 1350 1271 vitiis
1374 1247 1434 1268 non

261 1353 365 1382 RCNH
384 1350 512 1383 LMGffl)
532 1346 605 1375 SAP

262 1407 285 1425 v.
299 1401 312 1424 Ἰ
332 1396 479 1430 hystrix—
492 1395 507 1418 9
526 1389 682 1424 ingruentes
701 1382 860 1420 compilavit
877 1378 1005 1407 Isidorus
1021 1378 1060 1407 12,
1073 1376 1097 1406 2,
1111 1375 1143 1399 35
1197 1378 1221 1397 v.
1246 1371 1273 1395 13
1292 1366 1440 1398 Aethiopes

181 1459 210 1462 —
224 1444 255 1468 16
274 1438 413 1474 despectui
431 1439 472 1463 est
490 1431 647 1468 compilavit
666 1428 791 1456 Isidorus
810 1427 849 1458 17,
863 1425 886 1455 8,
903 1425 932 1448 10
1021 1427 1043 1446 v.
1063 1419 1095 1443 22
1114 1416 1201 1442 nitore
1213 1413 1314 1442 -136,
1328 1412 1343 1435 9
1362 1410 1440 1435 nota-

180 1489 225 1512 tur
244 1482 400 1518 compilavit
418 1478 545 1506 Isidorus
561 1478 601 1506 16,
615 1476 640 1505 9,
654 1474 668 1498 3
688 1470 749 1497 coll.
766 1471 806 1501 14,
821 1470 844 1498 5,
860 1469 900 1493 15.

271 1556 281 1578 1
303 1553 334 1578 ut
351 1558 392 1584 pr.
412 1549 447 1575 sit
465 1547 497 1579 (si
510 1546 553 1577 R)]
573 1546 600 1570 et
618 1550 658 1576 pr.
678 1542 720 1566 est
732 1537 816 1565 SAP2
885 1533 1024 1560 leuitatem
1038 1528 1091 1555 ΒΝ
1096 1527 1130 1559 H,
1149 1525 1285 1552 lenitatem
1299 1518 1444 1549 CLMGP¹,

184 1597 297 1624 leuitate
319 1591 423 1628 speculi
441 1588 563 1623 (specutu
582 1585 611 1618 S)
629 1583 708 1611 modo
727 1579 811 1608 SAP²
880 1572 1071 1610 proximantia]
1090 1566 1254 1604 proximanti
1273 1561 1380 1591 LMGP

188 1642 202 1666 2
220 1639 324 1665 faceret
342 1635 374 1663 M
476 1634 490 1656 3
511 1630 570 1663 capi
588 1628 683 1662 possit]
704 1623 816 1657 capissit
837 1622 856 1645 G
961 1619 976 1643 4
996 1614 1105 1643 salendo
1126 1611 1152 1638 N
1255 1607 1307 1634 nisi
1327 1608 1354 1633 H

189 1686 202 1709 5
226 1681 302 1708 alites
321 1678 354 1706 M
456 1681 536 1701 curso
555 1671 576 1698 S
680 1669 769 1702 quam]
792 1674 817 1699 q.
836 1662 957 1690 homines
975 1660 999 1686 A
1103 1656 1221 1681 meatum
1239 1650 1315 1680 N¹S,
1338 1647 1448 1674 adsultu

189 1724 267 1752 ΝΨ2
336 1723 351 1747 6
370 1718 478 1749 comati]
496 1715 582 1743 iubati
601 1714 644 1739 SA
715 1710 792 1736 theas
812 1709 837 1734 H
907 1707 920 1730 7
941 1702 1008 1729 strix
1027 1702 1055 1728 H
1072 1703 1098 1726 et
1117 1695 1218 1724 Isidori
1237 1691 1299 1720 libri
1318 1690 1382 1718 honi

190 1768 257 1795 locis
269 1766 293 1793 R
339 1759 554 1796 frequentissime
565 1755 641 1784 RCN
688 1751 805 1780 erenacii
815 1748 878 1780 LM,
889 1745 994 1774 erinatii
1006 1744 1036 1775 G,
1047 1740 1176 1768 erinaceis
1187 1736 1264 1768 RCS,
1278 1733 1403 1761 erinaciis
1415 1731 1451 1763 Il,

191 1807 344 1844 herynaciis
363 1806 402 1838 A,
425 1801 562 1831 ereuaoeis
583 1798 620 1830 Ρ,
639 1795 763 1824 renaceis
783 1793 810 1819 Ν
897 1793 911 1817 9
931 1788 1073 1815 uulnerent
1091 1784 1116 1811 R
1203 1779 1312 1808 celtales
1331 1776 1365 1808 R,
1386 1773 1453 1802 caeli

193 1853 252 1880 auis
279 1852 300 1878 C
387 1850 418 1875 10
442 1845 499 1876 sed]
522 1846 550 1870 et
568 1842 594 1868 P
679 1839 743 1869 ales]
768 1836 826 1863 auis
847 1834 868 1860 C
953 1830 989 1856 nil
1009 1830 1035 1857 H
1120 1829 1234 1859 tragopa
1252 1822 1290 1853 A,
1314 1823 1454 1852 tragopam

195 1894 274 1923 LMG
362 1894 392 1918 13
418 1890 615 1917 cinnamomum
634 1883 662 1910 H
749 1880 836 1907 locum
857 1876 890 1902 cle
908 1874 1034 1901 cinnamo
1053 1870 1086 1905 ἐξ
1106 1872 1147 1896 30.
1167 1870 1198 1894 31
1218 1866 1308 1892 derzuo
1326 1860 1456 1889 exhibent

191 1941 258 1974 post
273 1939 315 1968 33,
330 1938 358 1962 11
380 1933 416 1960 ad
428 1930 532 1959 Arabes
551 1933 709 1955 conversum
729 1926 754 1950 et
772 1918 885 1948 subinde
903 1915 1100 1950 interpolatum
1118 1914 1150 1944 (v.
1171 1912 1248 1944 app.)
1267 1905 1345 1933 codd.
1359 1903 1404 1930 SA

196 1982 234 2014 id]
252 1982 279 2007 in
300 1981 329 2009 G,
349 1976 421 2011 quod
440 1974 460 2001 S
559 1973 589 1997 14
607 1968 741 2003 represso]
761 1964 889 1997 depresso
908 1958 1061 1986 Salmasius
1159 1955 1188 1980 15
1208 1949 1330 1985 gratilius
1351 1948 1371 1972 G

199 2024 298 2051 dicitur
312 2022 332 2047 G
386 2015 603 2045 crassitudinem]
623 2016 744 2038 crassum
758 2006 803 2033 SA
859 2006 888 2030 16
906 2001 1102 2029 extuberantur
1121 1996 1156 2027 N,
1175 1992 1368 2022 extubereatur
1387 1987 1407 2014 S

204 2069 231 2092 17
250 2064 400 2092 litauerunt
419 2058 495 2086 NSP
578 2053 678 2082 mensis
699 2048 784 2077 HLM
871 2048 901 2072 18
920 2043 1027 2079 quiquis
1045 2040 1079 2068 M
1164 2040 1195 2064 20
1215 2036 1305 2069 atque]
1324 2028 1459 2060 LMGSP,

202 2109 300 2142 inquae
312 2104 395 2136 ΕΘΝ,
417 2104 497 2136 inque
509 2101 542 2132 A,
560 2100 587 2125 in
607 2103 660 2131 qua
681 2094 705 2120 H
776 2091 857 2120 iuste]
875 2089 917 2115 ius
937 2086 963 2113 N
1032 2086 1064 2110 22
1083 2083 1160 2112 haec]
1179 2087 1212 2106 ea
1230 2077 1265 2103 P¹
1337 2072 1460 2101 caeruleo

205 2147 330 2177 RGNHS
