1593 2409
786 85 863 111 XLII

201 173 239 202 74
253 170 475 201 Monacensisn.
488 172 589 201 17207
602 171 661 200 sive
670 170 918 201 Schestlarnensis
927 172 986 202 207
1001 171 1145 201 saeaxu.
1171 172 1339 211 inscriptio:
1353 173 1454 211 optimi

325 222 397 251 Iulii
411 221 506 251 Solini
524 222 595 252 liber
618 221 650 251 de
673 221 859 260 descriptione
875 222 952 252 orbis
967 227 1069 259 terrae,
1094 223 1128 252 ad
1153 223 1230 261 quod
1247 223 1392 252 adiectum
1409 228 1453 252 est

326 282 415 302 manu
446 273 573 302 diversa:
611 271 762 312 polihistor
790 272 836 302 vel
875 273 1042 302 collectanea
1078 283 1176 303 rerum
1205 274 1453 308 memorabilium;

328 324 544 363 subscriptum:
575 324 691 363 explicit
714 323 785 353 liber
808 323 915 358 Solimi,
945 324 979 352 ad
1011 325 1089 362 quod
1119 324 1225 354 adiecit
1253 334 1358 354 manus
1388 325 1452 354 illa:

330 375 360 405 C.
384 374 455 405 Iulii
475 375 643 405 collectanea
665 384 763 404 rerum
787 375 1027 404 memorabilium.
1075 376 1157 405 adest
1179 376 1320 414 praefatio
1344 376 1454 414 spuria.

201 437 239 465 75
264 434 448 465 Monacensis
466 445 494 464 n.
514 435 615 465 17208
633 434 691 463 sive
709 434 957 464 Scbestlarnensis
975 435 1035 466 208
1060 435 1225 474 descriptus
1241 440 1285 464 est
1301 444 1335 464 ex
1352 444 1386 464 eo
1404 434 1453 472 qui

327 486 470 525 sequitur.

202 546 241 576 76
266 546 451 575 Monacensis
468 555 497 574 n.
515 546 619 576 23746
643 554 718 575 saec·
742 545 766 574 X
790 549 941 575 correctus
964 554 979 573 a
1004 545 1147 583 pluribus.
1193 545 1357 583 inscriptio,
1382 554 1456 583 quae

328 597 461 636 profecta
484 596 599 625 videtur
622 596 657 625 ab
681 596 745 635 ipso
768 595 897 631 librario,
921 601 965 626 est
987 601 1056 625 ante
1080 595 1188 625 librum
1211 596 1315 625 litteris
1338 595 1456 624 Graecis

330 645 543 677 ΠΗΥΟΥΚΑ
559 644 795 684 ΟωΛΥΝ(Ϋ)Υ
819 660 860 671 =
877 656 1007 687 φυσυκα
1030 646 1174 677 Σωλυνυ.
1215 651 1367 675 corrector
1389 651 1456 675 ante

331 698 544 737 praefationem
558 698 719 735 genuinam
732 697 837 726 adiecit
849 697 1090 736 inscriptionem:
1104 696 1175 727 Iulii
1185 697 1282 727 Solini
1291 699 1349 726 sive
1359 706 1458 736 yram-

331 751 434 779 matici
452 749 611 788 polihyscor
627 749 661 778 ab
679 750 738 787 ipso
756 748 847 778 editus
863 754 888 777 et
903 750 1075 786 recoymhzs,
1098 748 1169 777 item
1192 748 1457 787 subscriptionem:

335 800 365 830 C.
396 800 468 829 Iulii
496 800 592 829 Solini
621 799 788 829 collectanea
817 808 916 828 rerum
945 797 1205 840 memorabilzswn]
1237 799 1360 838 explicat
1391 795 1456 840 [sic]

330 851 461 889 feliciter.
507 850 588 879 adest
611 850 753 889 praefatio
777 849 886 888 spuria.

287 918 455 950 NEAPOLI

205 974 243 1002 77
270 982 298 1001 n.
316 971 362 1000 IV.
378 971 411 1000 D.
432 970 469 1000 16
486 969 545 999 sive
564 968 698 998 Iannellii
712 978 741 997 n.
761 970 820 999 166
845 967 973 1006 scriptus
997 977 1021 996 a.
1041 969 1132 999 1472.
1149 968 1342 1007 subscriptio:
1367 967 1461 997 Iulius

329 1021 448 1051 Solinus
471 1021 502 1050 de
524 1019 704 1050 ¹mirabilibus
727 1019 852 1058 explicit.
900 1019 981 1048 adest
1003 1019 1145 1057 praefatio
1169 1019 1278 1058 spuria.

204 1083 243 1113 78
269 1092 298 1111 n.
316 1081 362 1112 1V.
380 1081 413 1110 D.
434 1082 470 1111 17
496 1080 555 1109 sive
572 1079 706 1109 Iannellii
728 1089 756 1108 n.
776 1080 834 1110 167
853 1087 927 1108 saec.
944 1078 1003 1107 XV.
1028 1078 1197 1117 inscriptio:
1223 1080 1323 1118 incipit
1345 1077 1462 1108 Solinus

332 1133 364 1162 de
387 1131 570 1161 mirabilibus
593 1131 709 1166 mundi;
733 1129 926 1168 subscriptio:
951 1129 1067 1168 emplicit
1091 1129 1207 1159 Solinus
1222 1130 1254 1159 de
1277 1129 1460 1159 mirabilibus

332 1183 436 1212 mundi
456 1191 506 1211 nec
529 1191 588 1211 non
611 1182 642 1211 de
665 1186 811 1211 terrarum
835 1180 954 1210 ambitu.

204 1244 243 1274 79
268 1253 297 1272 n.
321 1242 367 1272 IV.
392 1242 424 1271 D.
451 1241 488 1272 18
519 1241 578 1270 sive
606 1240 739 1270 Iannellii
772 1250 800 1269 n.
825 1240 884 1271 168
913 1248 988 1269 saec.
1012 1239 1084 1268 XVI.
1109 1239 1304 1278 inscriptione
1336 1243 1364 1268 et
1392 1239 1462 1269 sub-

333 1293 494 1331 scriptione
517 1296 606 1321 caret.
654 1292 735 1321 adest
757 1291 899 1330 praefatio
923 1290 1031 1329 spuria.

205 1355 244 1385 80
270 1363 298 1383 n.
316 1353 362 1382 IV.
380 1353 412 1382 D.
432 1353 469 1382 19
487 1352 545 1381 sive
562 1352 694 1381 Iannellii
720 1362 749 1381 n.
769 1353 828 1383 169
846 1360 920 1380 saec.
938 1350 1010 1379 XIV.
1045 1350 1222 1389 subscriptio
1240 1350 1462 1380 Theodosiana:

333 1403 405 1433 Iulii
426 1403 521 1433 Solini
542 1403 617 1442 empl.
641 1403 690 1441 fel.
714 1408 748 1432 st.
772 1407 797 1432 ec
821 1403 847 1431 d.
871 1402 988 1441 dompni
1006 1400 1054 1430 le.
1072 1404 1130 1430 inv.
1146 1410 1190 1440 pr.
1216 1401 1297 1431 adest
1320 1401 1462 1440 praefatio

333 1454 441 1493 spuria.

292 1522 425 1552 OXONII

208 1584 244 1613 81
271 1582 449 1612 Bodleianus
466 1581 684 1611 Canonicianus
708 1581 769 1610 Lat.
788 1583 847 1611 147
872 1580 1000 1618 scriptus
1029 1589 1053 1608 a.
1081 1580 1171 1611 1377.
1196 1579 1367 1618 inscriptio:
1392 1580 1417 1609 I.
1434 1578 1465 1608 S.

334 1634 517 1672 yrammatici
541 1632 693 1671 poli-storia
721 1634 779 1661 sive
809 1632 840 1661 cle
862 1631 1042 1660 mirabilibus
1073 1631 1177 1660 mwuli
1198 1630 1270 1659 liber
1293 1630 1331 1659 ad
1352 1629 1465 1659 Adven-

336 1690 398 1714 tum
421 1685 529 1722 incipit.
580 1682 775 1721 subscriptio:
804 1682 969 1721 polimislor
990 1681 1025 1711 ab
1055 1683 1115 1720 ipso
1145 1681 1186 1709 ed.
1217 1686 1243 1710 et
1265 1689 1319 1710 rec.
1343 1680 1466 1718 feliciter

335 1735 406 1764 liber
421 1736 542 1773 scriptus
559 1733 590 1763 C.
608 1733 679 1763 Iulii
694 1732 790 1762 Solz‘m·
805 1734 864 1762 sive
879 1733 1031 1771 yramatici
1054 1732 1086 1761 ‹le
1109 1730 1213 1761 mirab.
1236 1731 1340 1760 mundi
1360 1736 1385 1760 ec
1402 1732 1466 1760 ritis

335 1787 474 1824 yencium.

209 1845 249 1876 82
273 1844 450 1874 Bodleianus
467 1843 683 1873 Canonicianus
700 1843 761 1872 Lat.
784 1843 837 1873 161
857 1842 985 1880 scriptus
998 1850 1022 1870 a.
1039 1843 1128 1872 1457.
1160 1841 1330 1879 inscriptio:
1351 1841 1380 1870 C.
1398 1839 1420 1870 Ι.
1438 1840 1467 1870 S.

332 1895 493 1934 polystoria
515 1897 574 1924 sive
597 1894 628 1923 de
650 1896 708 1923 situ
731 1903 755 1923 ο.
780 1898 800 1922 t.
824 1898 849 1923 et
872 1895 937 1922 mir.
967 1894 1039 1931 εἴης).
1064 1902 1134 1931 qnae
1164 1894 1196 1922 in
1218 1902 1251 1922 ea
1273 1894 1465 1921 continentur.

342 1946 480 1975 adhaeret
503 1950 592 1984 capnt
615 1945 767 1974 Bedanum
791 1944 826 1973 de
851 1943 991 1973 Hibernia
1015 1944 1090 1981 (vide
1115 1953 1142 1972 n.
1169 1944 1231 1981 38).

211 2006 250 2036 83
275 2005 451 2035 Bodleianus
474 2005 642 2034 Laudianns
665 2004 726 2033 Lat.
751 2006 770 2034 4
793 2003 922 2042 scriptus
945 2004 1088 2047 331406.
1129 2002 1323 2041 subscriptio:
1351 2001 1467 2041 emplicit

342 2056 461 2086 Solinus
483 2056 515 2085 de
536 2056 642 2085 mundi
661 2054 852 2085 mirabilibus.
892 2053 1034 2093 praefatio
1059 2053 1205 2092 suscripta
1229 2057 1272 2082 est
1295 2057 1326 2082 ut
1349 2052 1377 2081 in
1397 2052 1467 2082 Ber-

341 2107 442 2136 nensi:
480 2106 573 2136 Iulius
604 2106 721 2136 Solinus
757 2105 926 2135 Constant-io
960 2114 1011 2134 suo
1040 2104 1168 2134 salutem.
1224 2103 1331 2133 divisus
1360 2108 1403 2133 est
1438 2103 1467 2132 in

339 2157 440 2187 libros.
