1593 2409
721 90 768 116 <JV

195 179 354 218 geminatio

318 229 392 258 male
416 229 521 258 omissa
539 239 544 258 :
562 229 740 267 compresz'sse
763 228 927 266 similiaque
952 228 1059 267 passim
1084 227 1111 256 R

315 285 395 310 recte
418 281 524 310 omissa
542 290 547 309 :
566 280 633 310 litus
656 279 682 309 R

197 332 290 362 Notae
320 342 381 361 non
418 332 612 361 inveniuntur
647 331 702 361 nisi
733 331 835 360 solitae
866 330 1001 359 codicum
1033 329 1095 358 eius
1127 328 1244 357 aetatis:
1282 336 1374 356 unum

113 385 222 414 adnoto
253 393 308 423 pro
338 393 404 413 vero
435 383 543 422 passim
574 382 700 421 reperiri
728 382 757 410 in
782 382 845 411 solo
870 381 895 410 R
928 385 1029 410 notam
1052 380 1082 408 ῐι.
1129 378 1321 418 praenomina
1346 378 1375 407 in

114 436 273 474 archetypo
304 434 381 464 notis
412 434 521 472 scripta
550 433 639 463 fuisse
670 433 738 461 inde
767 431 966 470 intellegitur,
999 431 1077 470 quod
1109 431 1138 460 in
1164 430 1245 459 libris
1268 430 1377 467 passim

113 492 164 516 aut
186 486 261 516 male
278 486 384 515 omissa
401 489 471 515 sunt
494 487 534 523 (5,
553 486 602 515 23.
627 487 656 520 8,
674 487 702 516 6.
728 486 756 520 9,
774 484 802 513 2.
831 485 877 518 11,
895 484 913 514 8
938 483 1004 520 cet.)
1029 487 1078 511 aut
1102 490 1258 520 perperam
1282 480 1377 510 soluta

113 539 158 577 (ut
188 539 235 574 11,
259 538 287 568 8.
314 539 362 572 17,
389 536 445 574 17).
499 536 568 566 item
598 545 741 565 numeros
772 539 890 564 notatos
920 534 1010 563 fuisse
1041 534 1071 562 in
1105 533 1266 572 archetypo
1296 541 1377 561 com-

114 590 199 619 muni
230 589 299 619 inde
329 588 525 627 intellegitur,
553 588 631 626 quod
663 588 692 617 iu
723 586 871 617 solvendis
894 585 928 615 iis
951 594 1166 624 saepenumero
1190 583 1379 622 grammatica

114 641 190 670 ratio
215 639 394 679 neglegitur:
420 649 474 668 nos
497 639 565 668 talia
588 639 617 668 in
634 639 742 668 variam
766 638 924 667 lectionem
949 646 1015 665 raro
1040 636 1219 665 admisimus.
1253 634 1379 673 exempli

114 701 200 721 causa
224 701 252 730 p.
270 692 298 727 8,
318 692 355 721 16
376 690 488 720 CCXLI
510 695 595 720 notas
614 690 724 719 habent
741 689 849 724 RCLP,
874 689 999 718 ducentis
1016 692 1095 717 recte
1111 687 1144 723 A,
1168 687 1282 717 (lucenti
1304 686 1378 715 male

114 742 174 779 NS,
197 752 256 773 uno
280 746 359 772 recte
384 741 442 776 NS,
465 752 525 772 una
548 741 622 771 male
646 740 682 770 H.

202 887 235 917 In
260 887 446 917 recensendo
471 887 573 917 Solino
604 887 673 925 quid
698 897 752 926 ego
783 891 903 916 secutus
926 885 998 920 sim,
1031 894 1065 913 ex
1089 892 1179 922 supra
1204 882 1288 912 dictis
1311 882 1380 911 satis

117 943 248 978 apparet.
284 944 421 968 auctores
445 948 459 968 a
477 939 579 968 Solino
603 938 733 967 Solinive
756 942 878 967 auctore
901 936 1037 976 proximo
1062 939 1220 974 usurpatos
1243 933 1380 962 adnotavi

116 990 152 1019 ad
169 990 333 1029 marginem
353 990 535 1026 interiorem,
560 990 781 1019 Solinianorum
799 988 1007 1027 compilatores
1031 987 1066 1016 ad
1089 987 1179 1016 imum
1204 985 1379 1023 marginem,

117 1041 147 1070 in
178 1041 356 1070 testimoniis
384 1041 541 1079 utriusque
574 1041 691 1080 generis
721 1040 895 1078 colligendis
925 1038 1041 1077 egregie
1073 1038 1190 1067 adiutus
1220 1046 1287 1066 cum
1317 1036 1380 1065 Sal-

118 1092 201 1121 masii
226 1093 446 1122 commentariis
472 1093 568 1131 plenis
592 1097 621 1121 et
643 1092 737 1121 doctis
761 1097 822 1120 tum
846 1090 1036 1120 collectaneis
1060 1099 1075 1119 a
1100 1089 1204 1118 Carolo
1229 1087 1378 1117 Ludovico

118 1142 226 1172 Rothio
251 1153 283 1172 ea
309 1153 364 1181 qua
388 1144 517 1182 pollebat
545 1143 710 1173 eruditione
734 1148 762 1172 et
786 1142 930 1171 industria
955 1141 1023 1170 olim
1049 1140 1174 1180 paratis,
1198 1148 1305 1168 cavens
1329 1148 1380 1168 au-

121 1199 181 1224 tem
204 1199 349 1233 quantum
373 1195 435 1224 fieri
459 1195 555 1234 potuit
577 1204 592 1223 a
616 1195 688 1224 locis
710 1193 855 1224 similibus
880 1193 1009 1231 quidem,
1033 1192 1085 1222 sed
1111 1201 1172 1221 non
1197 1191 1322 1229 sumptis
1346 1200 1380 1219 ex

120 1245 184 1284 ipso
209 1246 321 1275 Solino.
346 1263 388 1267 —
410 1245 443 1275 In
468 1250 611 1285 apparatu
635 1245 800 1275 ordinando
825 1254 893 1274 cum
917 1245 975 1274 iam
999 1254 1033 1273 eo
1058 1247 1235 1282 perventum
1267 1242 1319 1277 sit,
1349 1246 1382 1270 ut

122 1306 183 1326 non
207 1301 265 1326 tam
290 1306 305 1327 a
323 1298 446 1337 singulis
462 1297 615 1327 codicibus
631 1297 814 1336 pendeamus
838 1305 925 1335 quam
950 1305 965 1324 a
983 1295 1078 1325 tribus
1095 1304 1199 1324 eorum
1217 1293 1380 1328 ordinibus,

120 1353 153 1377 ut
175 1348 290 1378 facilius
307 1349 450 1379 lectiones
467 1349 696 1388 distinguantur,
720 1348 771 1378 ubi
787 1348 898 1377 utiliter
921 1348 985 1377 sieri
1002 1347 1107 1386 potuit7
1132 1355 1179 1375 eas
1196 1354 1250 1384 per
1273 1345 1380 1374 classes

121 1399 256 1429 distribui
286 1401 477 1440 praescriptis
507 1401 639 1431 numeris
662 1400 682 1429 1.
708 1400 742 1429 ΙΙ.
767 1399 815 1429 llI.
839 1417 882 1420 —-
906 1399 1035 1428 Libellus
1064 1407 1172 1437 parvus
1196 1402 1253 1431 est,
1279 1400 1381 1425 auctor

121 1450 293 1489 mediocris;
317 1461 479 1482 recensens
495 1461 562 1482 eum
586 1451 717 1481 laborem
742 1451 872 1480 intellexi
896 1452 1020 1480 sortasse
1040 1450 1183 1479 maiorem
1206 1449 1270 1478 fore
1294 1457 1379 1486 quam

122 1502 260 1537 fructum,
285 1512 383 1541 neque
405 1507 504 1532 tamen
528 1512 648 1542 operam
672 1502 834 1542 perdidisse
857 1502 927 1531 mihi
949 1502 1064 1537 videor,
1089 1510 1212 1536 curans,
1237 1504 1381 1538 quantum

123 1553 194 1582 mihi
217 1553 316 1582 datum
341 1558 393 1593 est,
418 1559 450 1583 ut
473 1554 592 1583 editoris
616 1554 718 1583 officiis
743 1553 864 1583 diversis
888 1553 1088 1585 satisfacerem
1110 1557 1139 1581 et
1154 1561 1217 1581 rem
1235 1556 1381 1589 quatenus

121 1613 137 1633 a
162 1604 311 1643 diligentia
335 1606 444 1643 pendet
467 1605 657 1635 absolverem.

249 1664 389 1701 Berolini,

187 1724 226 1744 m.
250 1715 324 1745 Iulio
348 1726 373 1746 a.
400 1716 491 1747 1895.
