1706 2446
769 77 827 105 101

43 206 45 208 ,
88 183 146 205 mn.
183 177 197 202 1
219 171 306 203 fidem
331 171 366 201 ad
382 179 483 200 verum
508 167 672 198 ratiocinati
695 170 765 196 sunt
788 164 990 194 aestimarunt.
1028 160 1039 201 Η
1057 160 1182 190 Siluram
1207 168 1326 198 quoque
1351 157 1432 187 insu·
1454 154 1585 192 22‚7(9)

184 229 198 253 2
221 224 276 253 lam
304 222 340 252 ab
371 231 421 251 ora
451 230 539 259 quam
567 228 641 258 gens
664 218 795 248 Brittaua
819 213 980 245 Dumnonii
1012 217 1115 242 tenent
1144 210 1293 240 turbidum
1325 210 1432 238 fretum

185 280 199 304 3
220 274 384 314 distinguit.
430 273 514 303 cuius
548 271 683 301 homines
718 269 888 298 etiamnunc
918 264 1090 294 custodiunt
1123 272 1236 292 morem
1271 265 1432 290 vetustum:

185 331 198 355 4
224 334 377 355 nummum
408 324 551 354 refutant:
585 323 657 351 dant
685 330 733 350 res
763 324 792 348 et
820 317 985 356 accipiunt:
1021 313 1235 344 mutationibus
1269 311 1434 341 necessaria

185 384 199 406 5
223 376 321 416 potius
338 385 424 414 quam
448 375 550 414 pretiis
573 377 694 413 parant:
719 371 789 400 deos
813 368 986 409 percolunt:
1012 365 1164 396 scientiam
1190 364 1358 393 futurorum
1383 371 1434 401 pa-

186 434 200 458 6
223 428 296 457 riter
318 427 370 456 viri
398 436 430 456 ac
454 425 580 455 feminae
610 426 771 453 ostentant.
816 426 845 450 at
867 419 998 449 Tanatus
1035 416 1128 446 insula
1159 415 1327 454 adspiratur
1357 414 1431 443 freto
1456 413 1474 444 8
1490 412 1555 449 (10)

189 486 203 509 7
226 479 346 514 Gallico,
369 488 385 508 a
402 477 561 507 Brittaniae
578 475 752 505 continente
768 471 915 502 aestuario
939 468 1022 499 tenui
1042 471 1185 507 separata„
1211 466 1278 495 t'elix
1303 466 1436 494 frumen-

188 536 202 561 8
224 530 304 560 tariis
328 529 438 568 campis
466 533 494 557 et
517 527 602 567 gleba
625 525 725 559 uberi,
751 533 805 554 nec
829 527 943 552 tantum
968 519 1023 549 sibi
1047 528 1148 548 verum
1173 523 1202 547 et
1225 517 1288 546 aliis
1311 515 1437 546 salubris

187 588 201 611 9
223 582 310 611 locis:
336 589 402 610 nam
426 589 493 609 eum
517 579 578 617 ipsa
603 577 684 607 nullo
701 580 837 615 serpatur
860 583 966 612 angue,
991 575 1140 610 asportata
1165 569 1234 598 iude
1259 573 1337 597 terra
1362 576 1436 605 quo-

178 639 205 664 10
229 643 288 672 quo
311 632 443 672 gentium
467 631 580 660 invecta
604 629 641 659 sit
664 637 775 666 angues
800 630 895 656 necat.

0 691 102 717 1-4‚103-
118 690 156 712 104
179 691 205 715 11
315 684 324 725 [l
360 683 466 713 Multae
491 687 519 711 et
542 681 613 710 aliae
638 680 714 709 circa
740 677 911 707 Brittaniam
937 674 1060 709 insulae,
1079 672 1089 711 ΙΙ
1108 682 1122 701 e
1147 671 1255 710 quibus
1278 670 1370 709 Thyle
1394 669 1438 699 ul-
1463 670 1560 706 9(11)

263 792 366 820 RCNH
385 790 512 822 LMGOE)
532 788 604 815 SAP
620 788 679 815 cod.
694 790 738 820 243
758 788 847 813 Aaou.
862 784 937 811 Leid.
957 783 983 814 (l.
997 787 1029 815 c.)

263 844 287 863 v.
308 838 322 862 6
342 835 464 861 Tanatus
476 849 505 851 —
523 835 550 858 10
574 834 653 857 necat
677 829 834 864 compilavit
853 826 979 853 Isidorus
995 828 1033 857 14,
1048 827 1070 857 6,
1085 828 1113 857 33
1138 825 1176 859 cf.
1197 823 1275 850 Beda
1295 822 1358 849 lzist.
1377 821 1442 847 eccl.

180 882 203 913 1,
224 882 233 905 1
359 886 381 904 v.
404 879 431 904 11
453 875 579 909 Thyle—
597 876 653 905 102,
672 875 686 899 3
713 874 868 899 concretum
891 877 966 896 mare
989 867 1145 903 compilavit
1165 865 1291 892 Isidorus
1313 867 1350 896 14,
1370 865 1394 895 6,
1413 865 1442 895 4;

180 931 202 949 υ.
219 924 247 949 11
268 921 354 955 Thyle
365 921 468 951 -102‚
483 921 496 944 2
516 917 605 943 nullus
624 916 681 942 dies
700 915 782 949 affert
802 912 895 940 Dioni!
909 915 932 944 7,
949 914 987 938 10.

179 990 349 1021 (diffunditur
368 988 448 1019 Dic.)]
468 986 542 1014 RCN
553 985 597 1012 *H
605 985 709 1017 Diouis,
733 984 795 1010 item
818 982 881 1009 inde
904 982 937 1007 al]
959 981 1039 1014 idque
1058 978 1230 1008 Aldhelmus,
1254 976 1347 1003 diebus
1367 975 1444 1001 naui-

180 1036 260 1067 gatur
278 1032 313 1063 (d.
333 1034 374 1058 est
392 1030 546 1063 nauigabile
559 1028 618 1060 P1).
649 1027 779 1059 nauigant
798 1028 887 1052 autem
906 1024 986 1056 (enim
999 1023 1032 1054 Α)
1051 1021 1173 1048 uimineis
1192 1020 1286 1052 alueis,
1305 1026 1373 1053 quos
1393 1017 1444 1045 cir-

182 1075 313 1103 cumdant
329 1073 475 1100 ambitione
493 1074 630 1104 tergorum
648 1070 812 1097 bubulorum
832 1066 1003 1099 (bubalorum
1018 1066 1059 1097 A).
1090 1066 1308 1098 quantocumque
1326 1064 1446 1094 tempore

184 1125 280 1145 cursus
291 1117 393 1143 tenebit
403 1116 559 1149 nauigantes
570 1114 638 1140 escis
648 1113 793 1139 abstinent.
816 1111 878 1137 freti
887 1109 1056 1136 latitudinem
1066 1107 1093 1133 in
1104 1115 1159 1133 cxx
1169 1106 1241 1132 milia
1251 1112 1381 1139 passuum
1395 1102 1445 1129 dif-

183 1161 259 1187 fundi
270 1160 349 1191 SAP,
368 1160 461 1186 diebus
473 1160 514 1184 est
524 1156 684 1190 nauigabile.
707 1154 836 1188 nauigant
848 1175 853 1180 .
866 1175 870 1179 .
886 1173 890 1178 .
904 1173 908 1178 .
919 1151 1056 1178 abstinent
1069 1149 1131 1176 freti
1143 1148 1285 1176 latitudine
1298 1147 1382 1179 (-dine
1391 1158 1403 1169 *e
1415 1146 1447 1175 L)

183 1205 264 1237 idque
276 1203 303 1229 in
317 1211 373 1229 cxx
385 1202 438 1227 mil.
455 1208 584 1234 passuum
603 1198 753 1225 latitudinis
772 1196 885 1223 diffundi
899 1193 987 1221 LMG.
1025 1193 1092 1219 Vide
1109 1192 1204 1227 praef.
1224 1194 1250 1217 et
1269 1190 1446 1225 appendicem

273 1248 282 1272 1
304 1245 339 1272 ad
357 1246 460 1275 uerum]
479 1243 624 1269 aduersum
643 1241 668 1267 R
682 1243 723 1273 24,
742 1240 909 1266 aduenarum
927 1236 1095 1267 Aldlzelmus,
1114 1234 1149 1261 ad
1167 1234 1248 1260 fidem
1267 1234 1302 1260 Β
1364 1233 1447 1259 ratio-

185 1289 242 1316 nati
265 1288 310 1316 *H
376 1287 589 1314 aestimauerunt
612 1283 644 1310 M
652 1282 803 1310 fflSAEdlz.
874 1281 984 1307 siluram
1011 1279 1105 1309 (silura
1128 1277 1166 1308 Ie,
1190 1277 1340 1303 silvestram
1358 1276 1448 1302 Anon.

186 1331 272 1364 Leid.)
295 1339 320 1365 q.
344 1331 372 1362 i.]
397 1330 499 1357 sillinas
523 1337 547 1362 q.
572 1328 676 1353 insulas
696 1325 747 1352 III
764 1324 883 1357 (SAP2):
905 1323 1019 1350 Solinus
1042 1321 1113 1348 male
1131 1320 1237 1355 accepit
1256 1321 1344 1346 locum
1365 1318 1450 1344 Plinii

185 1375 264 1401 modo
283 1373 448 1400 adhibitum:
466 1379 548 1405 super
566 1378 625 1397 eam
644 1369 843 1402 (Britanniam)
862 1367 929 1393 haec
949 1365 1103 1397 (Hibernia)
1123 1364 1176 1390 sita
1194 1363 1272 1389 abest
1290 1361 1448 1388 brevissimo

187 1417 303 1444 transitu
326 1424 342 1442 a
360 1415 478 1442 Silurum
500 1416 592 1447 gente,
617 1411 800 1446 interpolator
824 1412 913 1436 autem
939 1408 1072 1443 coqitavit
1096 1407 1129 1434 de
1152 1406 1249 1433 insulis
1267 1404 1374 1431 Sz'llinis
1392 1412 1451 1429 xxx

187 1468 222 1486 m.
245 1468 271 1493 p.
296 1458 386 1491 (hodie
405 1457 491 1491 Scilty
515 1455 644 1484 islands),
669 1463 737 1489 quas
761 1453 852 1479 eodem
875 1454 938 1485 sere
962 1450 1071 1477 nomine
1090 1449 1193 1483 (Sylina
1211 1449 1309 1479 insula)
1328 1446 1452 1482 appellat

188 1501 327 1536 Sulpicius
345 1500 462 1527 Severus
485 1499 545 1525 hist.
564 1506 634 1525 sacr.
655 1500 678 1528 2,
699 1500 728 1523 51
754 1504 878 1530 quaeque
901 1502 962 1521 vere
985 1494 1102 1527 fuorunt
1120 1501 1134 1518 ε
1152 1491 1266 1525 regione
1285 1489 1453 1517 Damnonio-

189 1553 249 1571 rum
313 1545 327 1569 2
346 1551 398 1577 qua
418 1544 464 1575 [H]
528 1541 668 1567 brittanna
687 1539 726 1569 N,
752 1538 887 1564 britamna
905 1536 933 1566 S.
953 1536 1083 1562 brittania
1100 1534 1150 1560 RC
1167 1537 1208 1566 24,
1227 1533 1379 1560 britannica
1398 1533 1454 1563 [HJ.

190 1586 381 1613 brittannicam
404 1584 480 1611 Laid.
585 1581 713 1609 dumnoni
737 1582 831 1607 tenent
856 1579 931 1606 ΕΘΝ
949 1581 981 1604 24
1004 1581 1034 1603 ut
1057 1577 1173 1604 coniecit
1199 1575 1365 1605 Salmasius,
1390 1574 1454 1600 dum

192 1638 245 1656 non
271 1631 364 1655 tenent
388 1630 479 1660 (tepen
503 1626 533 1657 S)
552 1624 709 1654 L²MGBS‚
733 1623 832 1649 dudum
856 1630 910 1648 non
935 1622 1030 1647 tenent
1048 1620 1122 1652 ΜΡ,
1147 1620 1209 1645 dum
1234 1627 1306 1645 nunc
1330 1620 1404 1643 tenet
1422 1618 1453 1643 Α.

192 1672 293 1699 detinet
312 1673 367 1703 [HL
391 1672 464 1696 tenet
481 1669 558 1696 Leicl.
638 1666 775 1693 turbidum
799 1665 908 1696 fretum]
932 1663 1056 1690 turbidus
1076 1663 1151 1689 sinus
1170 1661 1255 1688 SAP2
1325 1664 1338 1686 3
1359 1659 1453 1686 distin-

191 1717 256 1748 guet
281 1714 365 1745 IVLS,
389 1713 554 1745 distinguent
577 1710 621 1742 M,
646 1710 757 1737 distinet
775 1708 812 1734 Ρ2
915 1707 1036 1733 homines
1061 1706 1215 1731 etiamnunc
1239 1706 1313 1735 (num
1332 1702 1394 1729 Rs*
1414 1704 1454 1731 24,

193 1766 230 1784 nu
242 1769 254 1781 a*
268 1768 279 1780 ze
295 1757 327 1789 L)
343 1756 511 1787 custodiunt]
524 1755 604 1781 etiam
617 1753 738 1779 homines
754 1763 765 1775 *r
780 1763 792 1775 ae
805 1762 817 1774 -t
832 1758 896 1777 num
910 1752 977 1775 cust.
993 1749 1027 1779 lv,
1047 1756 1102 1774 non
1115 1748 1273 1774 custodiunt
1291 1746 1371 1773 etiam
1385 1745 1406 1772 S

195 1802 303 1831 morem]
322 1807 408 1826 mores
421 1798 460 1830 M,
480 1806 531 1824 om.
546 1799 592 1829 [H]
663 1798 678 1822 4
697 1794 911 1821 mutuationibus
925 1792 983 1823 [Hb]
1053 1790 1189 1817 necessari
1203 1790 1231 1815 Ν
1300 1792 1314 1815 o
1334 1788 1413 1815 uiuiri
1428 1789 1458 1815 G.

194 1843 235 1869 uir
249 1844 295 1875 [H]
399 1844 441 1872 ac]
460 1843 487 1867 et
504 1841 528 1866 Α
632 1840 752 1865 ostentat
769 1837 801 1868 L,
820 1836 965 1864 ostendant
985 1836 1005 1861 S
1109 1836 1138 1860 at
1156 1835 1274 1864 tanatus]
1293 1833 1327 1859 ad
1347 1834 1385 1863 (at
1405 1832 1458 1859 SA>

195 1886 294 1912 tanatis
309 1883 357 1911 III
369 1883 461 1915 (SAP)
473 1891 532 1909 cum
546 1882 635 1908 indice
647 1881 679 1908 M
689 1880 819 1913 (tanatist,
832 1880 866 1906 ad
879 1881 918 1911 (at
930 1878 985 1904 NH
1000 1880 1041 1909 24)
1054 1880 1133 1904 tanus
1148 1875 1251 1903 RCNH
1266 1878 1306 1907 24,
1320 1876 1353 1900 ad
1367 1877 1405 1905 [at
1418 1874 1460 1901 M)

196 1936 280 1955 canus
298 1931 406 1960 (cauum
427 1925 522 1957 GJLM
538 1925 575 1955 (in
595 1927 682 1955 textu)
703 1924 741 1949 G:
760 1923 880 1949 Tanatos
901 1921 1035 1951 Isidorus,
1054 1920 1194 1945 Thanetos
1217 1918 1293 1944 Beda
1313 1918 1374 1944 lzist.
1394 1918 1459 1943 eccl.

201 1974 222 2003 l,
241 1973 287 2003 25,
306 1969 386 1996 lzodie
404 1969 512 1995 Thanet
589 1967 752 2001 adspiratur]
772 1965 915 1999 adpiratur
934 1963 968 1995 N,
987 1963 1107 1990 adluitur
1126 1962 1170 1988 SA
1178 1961 1210 1987 P*2
1289 1960 1358 1987 freto
1378 1961 1458 1989 <fretu

197 2015 253 2046 [HD
278 2013 349 2047 gall]
371 2020 396 2046 g.
415 2012 449 2038 fr.
470 2011 491 2037 S
560 2013 573 2036 7
594 2008 742 2036 continenti
761 2010 808 2040 [H]
878 2005 1025 2037 aestuario]
1046 2006 1138 2038 euripo
1159 2004 1194 2029 P²
1264 2004 1352 2030 tenuis
1372 2004 1393 2029 S

198 2058 325 2090 reparata
343 2058 389 2087 [H]
466 2053 662 2080 frumentarius
682 2052 702 2077 G
783 2054 797 2077 s
816 2053 843 2076 et
862 2058 913 2076 om.
936 2048 979 2075 SA
1060 2048 1120 2079 sibi]
1141 2047 1259 2077 LMGI',
1278 2047 1328 2072 soli
1347 2045 1462 2074 RLeid„

200 2099 250 2125 soli
269 2099 320 2125 sibi
339 2097 475 2130 MHJSA,
498 2097 548 2123 sibi
567 2096 617 2122 soli
638 2095 670 2126 C,
692 2094 747 2120 suis
768 2096 800 2120 24
888 2095 902 2118 9
922 2091 995 2118 nullo
1016 2098 1086 2124 serp.
1107 2093 1259 2123 (separatur
1277 2091 1332 2120 [Hit
1351 2091 1386 2119 a.]
1406 2095 1460 2113 ser-

201 2143 296 2174 pentes
314 2141 417 2166 nesciat
429 2140 474 2166 SA
552 2145 659 2172 quoque
679 2138 707 2169 S,
728 2143 834 2170 quaque
853 2137 875 2161 Α
956 2133 1049 2167 anguis
1070 2132 1096 2158 N
1177 2135 1202 2157 11
1227 2133 1329 2159 circum
1350 2132 1397 2157 Sl*

203 2191 217 2209 e
236 2192 287 2209 om.
308 2183 352 2209 *H
418 2182 484 2207 ‘thile
505 2181 587 2208 CDic.
