1593 2409
794 107 907 133 XCVIII

227 198 341 233 monui;
374 196 436 225 fieri
466 204 568 234 posse,
598 199 630 223 ut
652 193 826 223 vocabulum
855 197 939 222 antea
969 193 998 222 in
1023 193 1192 222 scholastIca
1216 192 1282 221 libri
1304 191 1478 221 tractatione

226 252 400 286 usurpatum
418 246 611 285 interpolator
627 255 688 275 non
706 245 768 283 ipse
788 244 969 282 excogitarit.
1010 243 1133 281 sumpsit
1149 243 1177 272 id
1199 243 1392 281 interpolator
1414 241 1478 270 sine

228 299 316 328 dubio
341 308 376 327 ex
399 297 484 327 Plinii
509 302 629 326 naturae
653 296 773 325 historia
797 304 811 324 a
836 294 972 324 Cornelio
989 294 1153 323 Alexandro
1177 294 1283 332 passim
1306 293 1345 322 ibi
1368 293 1405 322 ita
1429 301 1480 330 ap-

228 349 336 389 pellato
360 349 543 378 transferens
566 348 599 376 ad
624 347 768 376 Solinum.

316 399 500 437 Subscriptio
530 398 623 427 studio
652 404 677 427 et
707 397 853 435 diligentia
876 395 1013 435 (Homini)
1036 394 1155 433 n(ostrz')
1178 395 1232 432 (sic
1254 394 1288 423 ad
1314 393 1345 429 P,
1364 393 1428 422 vide
1451 402 1480 431 p.

229 451 332 487 XLIV;
357 451 457 479 domni
471 448 739 487 Heidelbergensis)
759 447 907 478 Theodosii
927 448 1109 476 invictissimi
1121 447 1270 485 principis,
1293 454 1378 484 quam
1395 453 1482 482 supra

230 512 258 540 p.
275 502 387 531 LXVII.
424 500 510 530 XCIV
527 500 651 529 diximus
674 504 815 529 servatam
833 507 896 527 esse
912 507 947 526 ex
970 497 1051 526 libris
1067 507 1128 526 non
1145 496 1351 526 contaminatis
1373 495 1403 524 in
1422 503 1484 524 uno

230 552 481 590 Heidelbergensi,
505 551 632 580 adfuisse
654 560 741 589 posse
764 550 819 579 iam
844 549 873 578 in
891 548 1041 578 communi
1058 549 1189 577 omnium
1213 547 1381 586 archetypo,
1405 549 1485 574 recte

229 604 408 633 rettulerunt
430 602 483 631 viri
506 602 583 631 docti
607 601 642 630 ad
666 601 872 639 imperatorem
888 599 1087 629 Theodosium
1100 599 1125 627 11
1142 598 1174 637 (†
1192 599 1263 635 450)
1282 602 1386 627 notum
1410 595 1486 626 καλ-

230 654 394 694 λίγραφον
425 652 506 690 (Otto
531 652 605 681 Jahn
637 652 666 681 in
694 652 765 681 actis
788 660 848 680 soc.
873 651 980 680 Saxon.
1004 650 1171 679 minoribus
1194 658 1219 678 a.
1245 649 1323 679 1851
1350 658 1378 687 p.
1403 648 1486 685 342).

232 705 402 734 Aldhelmus
419 705 500 742 (opp.
516 712 545 741 p.
563 703 623 732 323
641 702 685 731 ed.
704 702 791 739 Giles)
816 711 890 740 quae
914 706 1015 731 narrat
1038 702 1073 731 de
1089 699 1326 730 institutionibus
1346 697 1487 728 Prisciani

233 756 268 785 ab
292 756 468 794 imperatore
492 763 526 783 eo
550 762 602 783 sua
625 762 715 782 manu
739 753 854 791 scriptis
877 757 993 782 constat
1016 752 1167 791 pertinere
1187 751 1221 780 ad
1238 750 1488 788 subscriptionem

233 816 300 836 vere
316 805 495 835 Priscianam
518 804 665 833 Theodori
688 803 839 833 cuiusdam
865 804 913 841 (cf.
929 804 1004 832 Jahn
1028 803 1047 832 l.
1065 813 1089 832 c.
1114 808 1143 832 et
1164 812 1193 841 p.
1211 803 1271 833 358
1296 806 1324 830 et
1346 801 1434 830 Hertz
1458 800 1487 829 in

234 858 326 896 praef.
351 857 385 885 ad
408 856 593 885 Priscianum
616 854 672 883 vol.
694 854 704 882 I
727 864 755 892 p.
772 853 891 891 XVIII);
916 854 967 883 sed
990 855 1036 883 vix
1059 853 1228 883 Aldhelmus
1251 853 1289 881 ita
1314 861 1412 881 errare
1435 860 1488 890 po-

235 909 298 943 tuit⁷
324 907 378 936 nisi
401 907 469 936 item
493 906 622 936 novisset
644 905 892 944 subscriptionem
914 905 991 934 hanc
1015 904 1203 933 Solinianam.

320 957 468 987 Rubricae
492 966 559 986 cum
583 960 663 985 textu
688 965 722 985 eo
743 965 829 994 quem
853 955 995 985 habemus
1017 955 1128 994 pariter
1150 954 1270 983 traditae
1294 955 1322 983 in
1340 953 1422 983 libris
1444 962 1490 982 re-

236 1010 393 1049 periuntur
416 1008 525 1047 duplici
549 1007 664 1036 ratione
687 1008 856 1046 dispositae,
879 1012 936 1036 tam
962 1006 1152 1044 interpositae
1175 1005 1230 1044 ipsi
1255 1004 1380 1034 orationi
1404 1012 1491 1042 quam

238 1061 414 1091 coniunctae
437 1060 466 1088 in
484 1058 657 1088 laterculum
674 1059 772 1088 libello
789 1058 1014 1097 praescriptum.
1053 1066 1101 1086 eas
1117 1056 1145 1085 in
1163 1056 1325 1094 appendice
1342 1065 1370 1094 p.
1388 1056 1492 1085 223—

238 1113 299 1143 232
323 1111 486 1141 secuudum
514 1111 638 1139 formam
666 1110 796 1148 priorem
824 1108 960 1138 recensui
990 1108 1123 1137 restituta
1147 1111 1290 1145 quantum
1313 1106 1375 1135 fieri
1398 1105 1495 1145 potuit

239 1162 426 1192 ordinatione
442 1161 597 1199 primitiva,
614 1161 788 1199 interposita
804 1159 881 1189 varia
897 1159 1024 1188 lectione
1041 1159 1119 1187 intra
1135 1157 1326 1196 parentheses
1342 1157 1494 1193 rotundas,

239 1212 442 1243 additamentis
471 1211 685 1250 posterioribus
708 1211 840 1240 similiter
863 1210 939 1239 intra
955 1218 1049 1238 uncos
1066 1207 1232 1246 quadratos.
1267 1208 1423 1237 intextum
1447 1216 1495 1236 re-

241 1268 342 1303 ceptae
372 1262 507 1291 rubricae
536 1262 572 1291 ab
602 1272 635 1291 eo
660 1262 688 1291 in
712 1261 794 1290 libris
818 1261 1041 1298 distinguuntur
1064 1259 1168 1288 litteris
1192 1258 1319 1287 miniatis
1343 1263 1371 1287 et
1394 1258 1421 1287 id
1444 1257 1495 1287 ubi

241 1314 408 1352 neglegitur
431 1314 476 1350 (ut
496 1315 564 1349 156,
582 1315 611 1343 4.
632 1314 700 1347 164,
720 1312 778 1347 12),
807 1320 861 1350 per
885 1319 1077 1340 numerorum
1102 1309 1356 1338 continuationem
1380 1318 1496 1338 errores

242 1365 325 1395 facile
344 1364 498 1394 tolluntur.
536 1363 671 1393 rubricae
695 1362 827 1400 singulae
851 1370 918 1391 cum
943 1364 1085 1390 commata
1101 1360 1186 1399 plura
1210 1359 1356 1398 conplecti
1372 1359 1496 1395 soleant,

243 1416 354 1445 librarii
378 1425 438 1444 non
462 1424 529 1444 raro
554 1415 653 1443 eadem
678 1413 811 1442 lemmata
835 1412 979 1441 disiuncta
1003 1412 1075 1440 locis
1091 1411 1125 1439 ad
1143 1420 1217 1449 quos
1232 1409 1384 1448 pertinent
1399 1409 1497 1439 denuo

243 1467 454 1506 adposuerunt.
500 1466 537 1494 ita
569 1469 636 1494 ante
666 1474 690 1493 c.
718 1466 744 1498 1,
767 1464 783 1492 7
815 1463 949 1492 rubricae
973 1462 1084 1501 primae
1108 1461 1249 1500 particula
1272 1461 1304 1490 cle
1326 1460 1499 1499 temporibus

243 1518 323 1548 urbis
339 1517 466 1547 conditae
482 1516 630 1555 reperitur
646 1515 676 1544 in
693 1514 775 1543 libris
793 1513 931 1543 omnibus
948 1518 1064 1552 praeter
1080 1512 1106 1541 R
1122 1516 1150 1541 et
1173 1513 1269 1549 (versu
1294 1516 1390 1540 tamen
1407 1521 1498 1541 vacuo

245 1569 358 1606 relicto)
374 1570 415 1603 P;
445 1568 514 1596 item
537 1570 605 1596 ante
629 1576 653 1596 c.
674 1568 699 1600 1,
717 1567 757 1595 77
781 1564 916 1594 rubricae
939 1568 1053 1603 partem
1078 1564 1109 1592 de
1132 1562 1223 1602 lapide
1238 1562 1369 1592 alectorio
1386 1562 1445 1591 sive
1468 1563 1500 1592 de

245 1620 380 1650 alectorio
397 1618 489 1657 lapide
513 1621 652 1656 repetunt
675 1617 741 1645 libri
765 1615 822 1651 RL,
841 1620 907 1644 ante
924 1625 949 1644 c.
967 1616 995 1649 2,
1010 1615 1048 1645 33
1066 1614 1097 1643 de
1114 1614 1166 1643 boa
1181 1623 1274 1652 angue
1289 1613 1363 1642 liber
1378 1612 1414 1649 R,
1432 1617 1500 1642 ante

246 1681 271 1700 c.
286 1673 313 1705 5,
327 1672 366 1700 25
383 1669 427 1698 vel
444 1670 484 1699 26
501 1669 532 1697 de
548 1666 644 1697 achate
659 1667 751 1706 lapide
767 1666 833 1695 libri
849 1666 932 1695 LGP
945 1670 974 1694 et
989 1665 1031 1695 sic
1047 1665 1196 1703 deinceps.
1235 1664 1305 1692 haec
1321 1668 1354 1692 ut
1370 1664 1502 1702 oportuit

247 1731 282 1751 ex
307 1720 491 1750 rubricarum
514 1719 655 1748 laterculo
680 1718 761 1747 eieci.

332 1770 468 1799 Rubricis
492 1779 557 1799 cum
582 1769 698 1798 codices
722 1777 782 1797 non
806 1766 953 1796 secundae
977 1766 1090 1801 clsssis,
1123 1765 1172 1795 sed
1197 1770 1254 1794 tam
1279 1765 1390 1803 primae
1414 1774 1500 1803 quam

248 1822 350 1851 tertiae
375 1830 515 1850 numeros
539 1819 715 1853 adscribant,
740 1817 905 1847 numeratio
933 1826 965 1846 ea
989 1817 1023 1846 ad
1047 1816 1152 1846 classes
1179 1820 1258 1845 recte
1282 1815 1502 1854 distinguendas

249 1873 375 1911 aliquam
398 1871 551 1900 utilitatem
575 1870 670 1900 habet.
710 1874 738 1899 et
752 1870 864 1909 primae
881 1868 998 1906 quidem
1022 1868 1121 1897 classis
1136 1867 1203 1896 libri
1220 1866 1332 1897 RCNH
1346 1870 1504 1896 numerant

249 1923 382 1953 rubricas
411 1922 559 1960 sexaginta
588 1926 663 1959 tres,
692 1921 734 1950 sic
765 1925 797 1949 ut
826 1920 902 1949 infra
933 1919 1090 1957 dispositae
1118 1918 1244 1948 suntad
1269 1917 1502 1947 numerationem

250 1975 336 2004 hodie
359 1977 518 2012 receptam,
542 1973 637 2002 missis
660 1977 757 2001 tamen
782 1971 966 2009 singulorum
991 1970 1133 1999 librorum
1158 1967 1309 1998 erroribus
1332 1967 1453 1997 minutis
1476 1972 1505 1997 et

250 2024 414 2055 inutilibus.
453 2028 555 2053 contra
578 2023 679 2052 tertiae
709 2022 806 2051 classis
829 2021 896 2051 libri
922 2022 999 2051 SAP
1019 2020 1152 2049 rubricas
1176 2028 1237 2048 non
1261 2023 1420 2048 numerant
1448 2017 1504 2048 nisi

252 2075 464 2115 quinquaginta
487 2079 608 2113 septem,
633 2074 674 2103 sic
697 2078 729 2102 ut
752 2073 821 2101 item
845 2072 921 2101 infra
947 2072 1137 2107 exhibentur;
1165 2069 1347 2100 conveniunt
1369 2078 1419 2098 eae
1442 2069 1504 2098 sere

253 2136 318 2157 cum
349 2125 553 2156 numeratione
583 2124 669 2153 hodie
698 2128 815 2162 recepta
844 2127 1001 2162 propterea
1032 2121 1110 2160 quod
1142 2121 1285 2150 editiones
1311 2124 1440 2149 vetustae
1470 2128 1505 2148 ex

253 2178 339 2207 huius
362 2177 481 2216 generis
504 2175 654 2205 codicibus
678 2184 831 2214 expressae
854 2178 933 2203 sunt.
962 2173 1065 2207 solum
1090 2176 1178 2210 caput
1193 2171 1270 2210 quod
1288 2171 1374 2201 hodie
1390 2176 1433 2201 est
1447 2180 1506 2199 un-
