1593 2409
168 1122 200 1142 De
215 1120 283 1140 Solini

180 1156 261 1176 aetate.

875 48 911 74 VI

275 147 319 176 vel
346 143 529 184 plebeiorum
559 140 590 177 (l.
609 148 634 168 e.
658 138 708 173 lII,
726 138 817 170 6010,
835 135 863 164 2.
888 133 919 168 V,
937 134 1008 163 436.
1033 131 1078 166 vl,
1097 129 1210 160 10576.
1234 126 1308 161 VIII,
1326 127 1418 157 4609.
1436 123 1534 154 8119.

275 198 310 233 X,
327 196 419 226 7369.
442 192 504 227 XII,
522 192 593 221 813.
618 189 690 224 xlv,
707 189 798 223 2714)
816 189 942 214 exeunte
959 182 1077 211 demum
1092 179 1208 210 saeculo
1226 177 1357 207 secundo
1374 175 1533 204 admissum

277 249 355 277 inter
386 243 548 277 senatoria,
582 240 693 270 scilicet
716 238 768 267 ‘usi
799 246 862 266 esse
892 234 1084 264 inveniuntur
1113 240 1147 260 eo
1178 227 1358 267 cognomine
1388 231 1446 255 tam
1474 226 1535 254 An-

278 298 364 332 tistii,
400 294 537 324 nimirum
576 291 609 326 Q.
639 290 783 320 Antistius
816 287 965 317 Adventus
994 281 1163 312 Postumius
1192 278 1348 317 Aquilinus
1382 276 1537 306 titulorum

279 347 529 378 Thibilitanorum
547 343 588 380 tC.
607 343 627 371 l.
646 342 678 371 L.
696 340 759 369 VIII
777 339 805 373 S,
832 337 943 368 18893.
963 334 1085 369 18906),
1110 330 1214 361 60115111
1238 329 1402 367 imperante
1425 327 1535 361 Marco,

281 409 369 439 quam
393 396 547 431 Oclatinii,
579 402 685 432 nempe
710 390 873 421 Oclatinius
898 387 1046 416 Adventus
1075 387 1142 422 post
1171 380 1319 420 gregalem
1350 377 1481 407 militiam
1510 380 1539 405 et

282 453 432 489 equestres
461 446 618 485 dignitates
650 444 744 473 sactus
774 439 879 470 consul
909 435 1076 466 ordinarius
1105 443 1129 463 a.
1150 433 1210 463 218
1236 428 1415 469 (Hirschfeld
1453 426 1541 456 Verw.

282 501 369 541 yesch.
390 502 415 535 1,
432 499 515 533 ⁶232).
569 501 597 525 et
614 494 649 524 ad
666 495 744 523 hunc
768 491 887 529 quidem
907 487 1037 517 libellum
1055 485 1124 514 olim
1149 482 1262 512 rettulit
1277 479 1445 510 Dodwellus
1470 480 1542 514 (tam

284 552 361 592 apud
385 551 555 580 Hudsonem
581 555 680 585 geogr.
705 544 753 573 Gr.
779 542 850 570 min.
874 545 894 569 t.
919 539 944 568 ll
968 538 1036 567 diss.
1061 534 1238 574 praemissae
1262 541 1291 570 p.
1309 532 1345 561 71
1365 539 1427 568 seq.
1454 537 1542 567 quam

285 605 315 634 in
342 602 409 641 eph.
431 600 495 630 hist.
520 600 583 628 crit.
607 597 638 626 de
660 596 688 625 la
708 595 768 633 rep.
793 594 838 623 des
863 591 966 621 lettre&
1004 584 1229 617 Amstelaedami
1255 583 1335 614 1717
1359 591 1389 620 p.
1410 582 1447 611 37
1458 579 1542 618 5611).

287 655 383 684 obstat
409 656 506 681 autem
530 649 555 678 ei
579 647 702 677 similive
730 644 935 676 coniecturae,
960 639 1038 678 quod
1062 636 1186 676 epistula
1209 632 1385 664 dedicatoria
1410 641 1470 661 non
1495 639 1544 659 so-

287 707 348 735 lum
379 701 528 741 dignitatis
557 698 693 738 publicae
727 695 841 725 nullum
872 691 1013 721 indicium
1042 689 1125 723 facit,
1162 686 1211 716 sed
1243 694 1279 714 ne
1309 684 1362 713 viri
1392 680 1545 712 clarissimi

290 756 408 795 quidem
432 752 547 782 titulum
575 748 685 778 nomini
712 746 800 780 addit,
823 745 850 773 id
876 743 953 781 quod
978 751 1011 771 ea
1028 744 1137 773 aetate,
1162 746 1217 775 qua
1235 735 1369 766 Solinum
1393 732 1546 771 scripsisse

288 806 349 836 veri
373 804 466 834 simile
490 806 542 837 est,
567 800 660 830 omitti
686 808 745 828 non
763 795 874 825 debuit.
913 794 1011 831 itaque
1027 789 1150 820 Adventi
1172 786 1348 816 vocabulum
1372 784 1481 824 pariter
1504 787 1546 812 at-

293 867 350 896 que
373 854 500 885 auctoris
523 852 615 891 ipsius
639 855 671 879 ut
693 848 803 878 labenti
836 845 921 875 aetati
945 843 1036 881 magis
1059 839 1198 870 convenit
1228 846 1315 876 quam
1346 835 1478 868 florenti,
1509 834 1547 863 ita

293 908 329 938 ad
352 912 485 945 tempora
509 902 675 932 accuratius
698 898 864 929 definienda
888 904 992 935 parum
1015 892 1099 922 valet.

379 957 444 991 Quo
468 956 533 984 loco
558 952 674 982 libellus
698 951 825 988 scriptus
849 948 901 982 sit,
932 955 966 974 ex
991 945 1054 982 ipso
1079 951 1139 971 non
1163 939 1357 977 intellegitur,
1389 937 1446 966 11151
1469 934 1549 974 quod

294 1019 361 1039 cnm
380 1006 548 1047 provinciae
573 1012 676 1033 omnes
699 1004 912 1033 memorentur,
937 995 1016 1025 nulla
1041 993 1176 1027 emineat,
1204 990 1271 1020 inde
1294 989 1432 1018 conicere
1456 986 1550 1025 possis

297 1065 446 1090 auctorem
471 1055 624 1094 scripsisse
645 1054 755 1083 Romae
779 1051 823 1079 vel
847 1053 926 1078 certe
950 1048 978 1076 in
1004 1044 1092 1074 ltalia.

383 1110 474 1147 Magis
497 1108 588 1136 refert
611 1112 753 1143 quaerere
777 1102 812 1130 de
836 1104 938 1134 aetate,
963 1106 1020 1135 qua
1043 1093 1161 1133 scripsit
1183 1092 1313 1121 Solinus.
1355 1088 1460 1118 vixisse
1484 1095 1551 1115 eum

302 1164 484 1201 aliquantum
507 1163 576 1187 ante
599 1155 797 1186 Theodosium
822 1152 846 1181 II
877 1148 1069 1188 (401—-450)
1092 1144 1161 1174 inde
1185 1145 1322 1181 apparet,
1351 1139 1430 1178 quod
1453 1137 1553 1167 classis

298 1214 409 1253 primae
433 1210 500 1240 libri
525 1209 542 1238 ii
566 1208 616 1246 qui
640 1206 791 1245 pertinent
814 1203 849 1231 ad
872 1200 1010 1230 familiam
1039 1193 1297 1232 Heidelbergensis
1320 1191 1399 1220 ducti
1423 1194 1494 1219 sunt
1517 1187 1553 1217 ab

301 1262 435 1301 exemplo
459 1261 570 1298 scripto
594 1258 687 1287 studio
711 1262 736 1285 et
760 1254 909 1292 diligentia
932 1251 958 1280 d.
981 1259 1010 1278 n.
1032 1247 1178 1277 Theodosii
1200 1244 1384 1274 invictissimi
1402 1240 1554 1280 principz's,

301 1315 377 1353 (vide
401 1313 476 1342 infra
493 1321 521 1349 p.
538 1308 673 1345 XCVIII).
713 1306 815 1335 eodem
838 1303 923 1337 redit,
947 1300 1026 1339 quod
1050 1308 1083 1327 ex
1107 1294 1302 1335 scriptoribus
1325 1291 1426 1321 aetatis
1449 1294 1556 1323 certae,

302 1375 377 1405 quos
401 1364 503 1393 Solino
527 1370 596 1390 usos
620 1368 682 1388 6556
706 1361 837 1391 60115131,
861 1351 1084 1392 antiquissimus
1108 1353 1167 1383 est,
1196 1347 1273 1375 sicut
1301 1344 1376 1372 infra
1405 1344 1445 1380 (p.
1468 1339 1556 1377 XXV)

303 1416 476 1449 videbimus,
501 1411 684 1450 Augustinus
700 1410 729 1438 in
754 1404 975 1437 commentariis
999 1402 1034 1431 de
1058 1400 1173 1429 civitate
1196 1397 1242 1426 dei
1266 1394 1384 1433 scriptis
1407 1402 1432 1422 c.
1446 1401 1472 1420 a.
1486 1391 1558 1425 426,

305 1478 372 1499 611111
390 1466 510 1496 1101111116
526 1472 593 1492 611111
612 1469 714 1491 eorum
732 1458 781 1497 qui
798 1460 899 1486 extant
915 1454 1027 1493 primus
1044 1451 1140 1480 laudet
1153 1447 1338 1484 Genealogus
1354 1454 1378 1473 a.
1392 1445 1463 1474 455.
1493 1450 1559 1470 nam

307 1518 453 1558 Capellam
470 1516 591 1545 fuerunt
607 1512 724 1550 quidem
742 1517 848 1547 nuper,
873 1506 923 1544 qni
939 1505 973 1534 ad
990 1502 1109 1533 tertium
1132 1499 1280 1530 saeculum
1304 1498 1488 1527 revocarent,
1510 1492 1561 1522 sed

308 1579 406 1608 neque
429 1568 491 1597 eius
514 1562 694 1604 opinationiS
718 1562 892 1599 argumenta
915 1555 983 1586 satis
1005 1558 1084 1583 certa
1108 1550 1299 1590 protulerunt
1321 1551 1350 1576 et
1378 1546 1441 1585 ipsa
1467 1542 1561 1573 Solini

309 1619 446 1659 expilatio
470 1615 598 1647 auctoris
618 1618 769 1653 praeterea
787 1608 866 1649 quod
882 1608 1007 1637 sciamus
1023 1614 1038 1633 a
1055 1603 1158 1642 quinto
1175 1602 1293 1631 demum
1309 1596 1426 1627 saeculo
1442 1593 1563 1624 adhibiti

310 1680 415 1711 parum
440 1669 466 1698 ei
490 1669 573 1697 favet.
611 1663 707 1703 'quare
731 1671 798 1692 cum
823 1659 926 1698 quinto
951 1655 1068 1687 saeculo
1086 1652 1178 1683 Sotini
1201 1650 1275 1680 liber
1299 1649 1355 1678 iam
1375 1645 1564 1687 pervulgatus

311 1721 408 1756 suerit,
432 1729 446 1749 a
472 1718 602 1747 feliciore
618 1720 715 1745 autem
732 1713 898 1742 litterarum
914 1708 1084 1738 Latinarum
1101 1713 1170 1733 aevo
1187 1707 1246 1731 tam
1262 1708 1362 1730 rerum
1379 1698 1441 1727 eius
1454 1696 1565 1726 exilitas

312 1781 399 1811 quam
417 1769 562 1800 sermonis
578 1765 700 1796 infantia
717 1763 884 1796 abhorreat,
907 1759 964 1788 hoc
980 1760 1071 1787 restat
1090 1753 1302 1793 quaerendum,
1325 1754 1425 1779 utrum
1448 1746 1565 1777 saeculo

312 1823 400 1853 tertio
414 1820 595 1861 probabilius
608 1815 792 1847 adscribatur
804 1822 840 1842 an
855 1814 970 1850 quarto.
995 1816 1120 1846 quorum
1133 1803 1268 1843 equidem
1282 1800 1351 1831 illud
1367 1797 1566 1839 praetulerim.

314 1873 487 1914 Byzantium
511 1870 550 1900 ibi
574 1873 689 1898 tantum
714 1864 861 1897 nominari
889 1860 1031 1899 (c.1,79.
1052 1857 1177 1894 10,17),
1202 1863 1262 1884 non
1281 1847 1567 1887 Constantinopolim

315 1934 414 1963 neque
444 1923 537 1952 ullum
574 1920 674 1949 adesse
703 1916 858 1955 vestigium
887 1911 1105 1952 provinciarum
1136 1905 1285 1937 divisionis
1315 1900 1513 1933 Diocletianae
1541 1902 1569 1926 et

318 1973 588 2007 Constantinianae,
613 1970 666 2000 etsi
690 1979 750 1998 non
774 1966 900 2005 flagitat,
927 1967 960 1992 ut
982 1962 1011 1991 in
1037 1968 1126 1999 opere
1150 1956 1323 1996 compilato,
1347 1958 1443 1982 tamen
1468 1948 1570 1979 suadet

318 2032 347 2056 ut
372 2029 476 2055 auctor
498 2022 602 2053 vixerit
625 2025 693 2050 ante
717 2017 955 2049 Constantinum.
992 2010 1094 2048 suadet
1116 2009 1191 2038 idem
1210 2013 1402 2046 praenomen,
1425 2000 1570 2039 siquidem

319 2086 387 2107 vere
411 2075 514 2106 habuit
539 2078 656 2107 auctor,
688 2074 791 2109 quarto
817 2066 936 2097 saeculo
960 2064 1016 2093 iam
1040 2068 1202 2091 rarescens.
1247 2055 1422 2086 christianae
1453 2050 1571 2088 religio-

322 2129 368 2158 nis
402 2131 554 2167 praeterea
588 2122 707 2160 vestigia
742 2120 849 2149 adsunt
885 2116 978 2146 nulla:
1024 2120 1091 2141 nam
1127 2118 1215 2148 quam
1258 2105 1352 2146 possis
1389 2113 1422 2134 eo
1460 2102 1571 2132 referre
