1593 2409
760 56 797 84 17

83 164 127 184 pL.
164 157 176 181 1
200 150 325 190 gravida,
350 147 518 187 unguiculis
534 151 615 176 caret
630 149 742 185 partus.
781 148 809 172 at
825 152 890 172 cum
909 151 1001 181 prope
1024 140 1057 169 ad
1083 144 1199 168 uterum
1222 136 1409 167 liberandum

0 318 25 338 L.
44 310 71 344 7,
89 309 107 338 4

0 626 30 645 ι.
49 618 76 647 7,
94 616 112 646 6

0 729 32 748 *L-
50 720 77 752 7,
96 719 115 748 4

0 932 34 952 ›L.
53 924 81 958 7,
100 922 117 953 6

3 1032 36 1052 vL.
54 1024 82 1055 7„
100 1023 118 1053 6

0 1084 37 1103 z.
57 1076 83 1108 7,
101 1075 117 1104 7

167 209 180 232 2
203 201 339 232 venerint
356 204 504 230 momenta
521 197 705 232 maturitatis,
723 195 846 225 enitenti
862 193 997 233 spiritum
1014 192 1143 221 retinere
1160 189 1319 228 plurimum
1338 197 1409 216 con-

167 261 180 283 3
203 253 291 292 gruit,
317 252 457 291 quoniam
482 250 599 289 quidem
624 248 701 278 letali
724 255 805 275 mora
830 244 963 274 oscitatio
987 242 1141 281 suspendit
1165 239 1331 279 puerperia.

111 309 129 338 5
166 311 181 334 4
283 303 293 344 ΙΙ
318 303 426 334 Contra
452 306 583 331 naturam
608 305 652 329 est
674 299 704 328 in
729 298 819 336 pedes
841 296 1003 335 procedere
1028 299 1198 327 nascentes,
1230 295 1411 330 quapropter
1437 288 1463 324 1,
1490 291 1530 319 (55

168 363 180 385 5
205 356 283 385 velut
299 365 385 394 aegre
402 354 476 393 parti
493 352 681 391 appellantur
697 349 853 387 Agrippae.
892 347 929 376 ita
947 345 1016 375 editi
1033 345 1132 373 minus
1148 352 1290 382 prospere
1314 342 1414 370 vivunt

169 413 183 436 6
206 411 235 437 et
265 407 301 436 de
331 407 386 436 vita
411 415 479 435 aevo
504 403 584 433 brevi
608 402 726 431 cedunt.
764 399 892 436 denique
916 397 944 426 in
970 406 1030 425 uno
1055 395 1092 424 M.
1116 394 1245 433 Agrippa
1270 392 1415 422 felicitatis
1440 392 1478 422 66

169 465 183 488 7
206 458 373 497 exemplum
396 461 448 492 est,
474 464 528 485 nec
551 459 647 483 tamen
674 461 768 489 usque
791 459 826 479 eo
850 448 1022 482 inoffensae,
1048 451 1080 476 ut
1104 455 1163 475 non
1189 445 1273 483 plura
1297 443 1414 472 adversa

171 515 184 540 S
208 509 363 549 pertulerit
386 516 472 546 quam
496 505 641 536 secunda:
667 511 794 540 namque
818 500 924 530 misera
948 498 1055 537 pedum
1080 496 1238 526 valitudine
1263 500 1291 524 et
1314 499 1416 533 aperto

173 567 187 590 t)
210 560 345 598 coniugis
361 558 503 589 adulterio
525 561 554 586 et
577 555 688 593 aliquot
711 551 890 583 infelicitatis
913 550 992 579 notis
1015 547 1199 588 praeposteri
1223 551 1305 576 ortus
1329 554 1416 574 omen

115 616 133 645 9
158 618 185 642 10
208 612 270 642 luit.
315 609 326 651 H
344 610 460 640 feminis
489 607 613 648 perinde
642 609 686 635 est
713 605 838 634 infausta
864 602 1012 636 nativitas,
1042 601 1065 630 si
1096 603 1270 629 concretum
1294 596 1417 635 virginal
1441 595 1480 625 (37

161 669 187 693 11
211 663 307 697 suerit,
332 672 390 700 quo
407 665 493 700 pacto
510 658 646 698 genitalia
665 657 747 685 suere
766 654 928 689 Corneliae,
954 662 1028 691 quae
1053 651 1137 680 editis
1155 649 1295 679 Gracchis
1319 653 1418 677 osten-

118 719 134 748 7
160 720 187 743 12
211 720 270 743 tum
299 713 356 742 hoc
379 712 467 752 piavit
490 711 609 740 sinistro
634 708 711 737 exitu
736 707 907 736 liberorum.
957 703 968 744 ΙΙ
991 704 1119 733 Rursum
1144 700 1255 731 necatis
1279 699 1421 729 matribus
1444 697 1484 728 63

161 771 188 794 13
213 769 298 795 natus
315 769 358 794 est
374 762 568 802 auspicatior:
586 761 662 790 sicut
674 759 773 798 Scipio
787 757 942 787 Africanus
959 755 1050 794 prior,
1067 753 1117 792 qui
1133 753 1272 782 defuncta
1289 755 1421 790 parente,

162 822 189 845 14
212 816 290 855 quod
307 815 423 845 excisus
438 819 523 844 utero
542 813 571 842 in
596 812 672 841 diem
697 813 824 845 venerat,
848 808 961 847 primus
978 807 1180 836 Romanorum
1199 803 1303 832 Caesar
1326 802 1422 831 dictus

161 873 189 897 15
213 871 266 897 est.
322 876 337 896 e
366 865 492 905 geminis
520 864 545 894 si
573 867 747 892 remanente
778 861 869 890 altero
899 860 972 888 alter
1001 857 1132 887 abortivo
1163 855 1242 884 fluxu
1273 853 1423 888 exciderit,
1448 852 1487 882 69

121 922 139 952 8
163 924 191 949 16
213 918 287 948 alter
317 918 366 956 qui
390 917 518 956 legitime
543 919 628 944 natus
652 919 709 950 est,
741 912 884 951 Vopiscus
908 910 1087 940 nominatur.
1133 907 1143 946 Η
1167 906 1283 944 quidam
1308 909 1336 933 et
1359 913 1424 933 cum
1450 903 1488 932 70

164 975 191 999 17
214 969 354 999 dentibus
377 973 583 1008 procreantur,
608 971 639 994 ut
664 965 715 994 Cu.
733 963 867 1002 Papirius
883 962 978 991 Carbo
1003 965 1031 989 ct
1054 958 1121 988 ssM’.
1144 957 1258 991 Curius,
1284 956 1427 985 Dentatus

121 1023 139 1053 9
164 1026 190 1051 18
214 1021 251 1050 ob
276 1020 302 1049 id
327 1018 564 1058 cognominatus.
604 1017 614 1055 Η
633 1016 749 1054 quidam
774 1015 835 1044 viee
860 1014 993 1042 dentium
1017 1009 1151 1040 continui
1177 1008 1249 1038 ossis
1273 1011 1426 1036 armantur

126 1076 137 1104 1
166 1077 192 1101 19
215 1071 369 1106 soliditate,
395 1069 509 1108 qualem
528 1068 620 1098 tilium
636 1067 831 1106 Bithynorum
850 1074 900 1094 rex
918 1063 1034 1093 Prusias
1056 1061 1166 1091 hahuit.
1206 1059 1216 1099 Η
1234 1059 1329 1097 ipsum
1354 1058 1426 1086 den·
1452 1058 1487 1086 71

166 1129 194 1153 20
218 1123 291 1153 tium
314 1131 470 1151 numerum
495 1119 636 1150 discernit
660 1118 784 1156 qualitas
807 1126 909 1151 sexus⁷
939 1124 1005 1144 cum
1031 1114 1059 1143 in
1083 1112 1152 1141 viris
1174 1111 1275 1149 plures
1299 1109 1372 1142 sint,
1397 1108 1426 1137 in

253 1217 357 1245 RCNH
375 1216 477 1249 LMOEJ
497 1215 570 1242 S.-1P

257 1272 287 1296 15
307 1277 321 1296 e
340 1268 450 1302 geminis
464 1283 494 1286 -
510 1270 541 1293 16
561 1267 715 1292 nominatur
733 1264 867 1298 expilavit
881 1262 1007 1288 Isidorus
1026 1263 1049 1292 9,
1069 1262 1093 1292 5,
1113 1261 1142 1284 21
1250 1259 1280 1283 19
1299 1256 1387 1290 ipsum
1400 1270 1433 1273 —

169 1322 196 1347 p.
218 1314 258 1345 18,
279 1314 291 1339 1
311 1312 454 1346 pauciores
472 1309 606 1345 explicavit
625 1307 751 1334 Isidorus
772 1310 810 1338 11,
832 1308 855 1338 1,
874 1309 914 1331 53.

261 1397 271 1420 1
307 1392 468 1426 unguiculis]
502 1390 620 1418 CflfflSA
653 1398 713 1416 cum
740 1388 845 1418 Plinio,
878 1386 1010 1419 ungicuiis
1044 1383 1108 1414 NP,
1140 1382 1246 1415 ungulis
1274 1379 1436 1409 RC'HLB¹‚

174 1437 277 1471 angulis
296 1436 329 1462 M
426 1437 440 1460 2
459 1434 563 1461 uenerit
582 1432 697 1463 Nullas,
716 1433 850 1458 uenerunt
868 1429 894 1455 P
991 1429 1118 1453 monenta
1137 1424 1170 1451 M
1265 1422 1385 1455 enitenti]
1405 1420 1441 1447 II

174 1479 303 1512 <L¹MB),
328 1477 453 1504 enitentis
472 1475 491 1502 I
507 1474 726 1507 (ΕΟΝΙῐ-ἘΑΡ),
745 1474 849 1500 enitens
869 1472 899 1498 H
985 1472 999 1495 3
1023 1468 1170 1503 suspendia
1188 1467 1211 1493 A
1298 1464 1437 1499 puerperi-

175 1523 214 1548 tia
232 1522 253 1547 S
358 1523 372 1545 4
394 1522 538 1545 nascentes
562 1527 614 1544 om.
634 1518 659 1544 R
764 1519 777 1542 5
797 1516 871 1542 uelut
890 1523 941 1540 om.
965 1513 986 1539 R
1089 1510 1162 1543 aegri
1182 1509 1207 1535 Ρ
1308 1507 1388 1540 parti]
1407 1505 1443 1532 H

178 1564 251 1596 (ΖΡ,
283 1564 378 1597 partus
406 1561 486 1592 ΜΒ),
522 1561 579 1595 pati
607 1559 625 1586 I
649 1558 819 1590 (RCNIISA)
933 1556 1010 1582 uiuut
1038 1554 1066 1580 Ν
1178 1554 1192 1578 ὓ
1221 1552 1253 1578 de
1287 1550 1343 1576 uita
1371 1557 1439 1575 aeuo

179 1610 221 1639 (ae
239 1606 290 1637 Mi]
314 1606 369 1631 uita
388 1603 467 1630 ΝΕΡ·2
571 1603 646 1629 breui
670 1603 777 1633 cedunt]
799 1598 968 1629 CN¹L¹SP¹‚
992 1597 1070 1624 broui
1090 1596 1187 1622 cedunt
1206 1594 1248 1625 M,
1271 1593 1348 1619 breui
1367 1599 1439 1618 rece-

180 1650 247 1676 dunt
259 1648 360 1679 RHL2,
379 1646 529 1681 procedunt
548 1646 625 1672 breui
642 1645 686 1676 El,
706 1644 840 1671 decedunt
859 1641 934 1668 breui
950 1641 996 1671 ΒΞ,
1015 1639 1133 1666 breuiori
1151 1637 1284 1664 decedunt
1303 1634 1407 1661 ΝΣΑΡ2

179 1692 248 1718 in..
263 1712 269 1718 .
285 1712 291 1718 .
305 1699 346 1717 ex.
371 1691 413 1716 est
437 1692 487 1719 test
513 1697 554 1715 ex.
576 1688 622 1719 H)]
648 1695 731 1713 unum
754 1693 873 1712 marcum
898 1684 1037 1717 agrippam
1063 1687 1096 1714 ta.
1121 1689 1155 1707 m.
1179 1689 1205 1706 u.
1226 1678 1272 1711 P2)
1290 1678 1442 1704 inuenimus

180 1735 288 1761 beatum
316 1733 370 1760 HI
401 1732 524 1764 (N2L‘2A
553 1734 577 1758 et
601 1738 726 1765 praescr.
760 1729 787 1755 id
815 1731 856 1755 est
883 1727 936 1759 P2)
964 1730 1061 1752 contra
1090 1724 1209 1750 Plinium
1354 1723 1367 1746 Ἴ
1396 1727 1442 1746 us-

182 1785 233 1811 que
260 1777 300 1803 bis
327 1777 352 1803 R
482 1783 513 1801 eo
541 1773 688 1800 inoffensae
716 1775 746 1798 ut
772 1780 826 1798 non
855 1774 917 1796 [cille
945 1769 1058 1802 denique
1087 1766 1120 1793 M
1231 1767 1244 1791 S
1273 1770 1389 1796 namque
1419 1765 1444 1788 et

183 1819 246 1846 MA
325 1822 340 1845 9
359 1818 491 1845 adulterio
511 1819 546 1848 et]
566 1815 698 1843 adulterio
712 1814 742 1840 H
819 1814 930 1847 aliquot]
950 1811 1051 1845 aliquid
1065 1807 1209 1841 IOECHS,
1228 1807 1321 1840 aliquit
1340 1805 1376 1838 N)

183 1862 361 1896 praeposteri]
374 1860 474 1895 reliqui
487 1868 547 1886 cvm
561 1858 663 1889 Plinio,
681 1858 828 1883 retrouersi
842 1855 892 1882 III
904 1855 976 1887 (Ρ-Ἀ
990 1858 1015 1881 cc
1025 1862 1079 1888 pro
1093 1852 1130 1887 (χῖ.
1146 1851 1204 1881 NL)
1279 1852 1307 1875 10
1327 1848 1445 1874 infausta

184 1905 325 1936 natiuitas]
343 1904 478 1930 infaustas
492 1902 517 1928 R
589 1902 744 1927 concertum
763 1899 794 1926 M
865 1902 893 1925 11
915 1898 1001 1932 grecis
1021 1898 1043 1923 Α
1118 1897 1147 1920 12
1166 1895 1216 1920 hoc
1235 1892 1329 1926 piauit]
1350 1890 1445 1924 hoppi-

185 1947 244 1973 auit
265 1947 306 1978 R,
330 1947 418 1981 piauit
444 1946 468 1972 H
573 1952 668 1970 rursus
693 1943 730 1974 R,
756 1951 807 1968 om.
831 1941 860 1967 H
966 1943 994 1966 13
1019 1940 1108 1969 natus]
1133 1939 1208 1963 ortus
1232 1934 1282 1961 HI
1306 1933 1400 1964 (SAI’2
1422 1937 1447 1959 cc

184 1998 236 2025 pro
255 1990 291 2024 ql.
311 1990 344 2022 L)
416 1991 447 2015 14
470 1988 561 2015 exciso
581 1988 603 2013 A
676 1989 707 2012 15
732 1988 755 2017 e]
775 1988 801 2011 et
819 1983 850 2010 M
918 1985 1104 2010 remanereuto
1124 1981 1143 2007 S
1199 1982 1228 2005 1ss
1249 1979 1327 2004 natus
1347 1979 1396 2007 est]
1416 1974 1451 2001 II

185 2032 353 2064 (LMBP)H‚
374 2035 455 2058 natus
474 2030 490 2057 I
509 2029 649 2062 (RCNSA)
725 2031 754 2054 17
774 2028 821 2054 Μ’.
841 2027 948 2057 Curius]
968 2025 1084 2057 Plinius,
1102 2032 1137 2050 m.
1158 2022 1249 2049 curius
1267 2021 1298 2051 B,
1317 2028 1351 2045 m.
1371 2018 1447 2045 curio

188 2074 326 2106 RCHLP,
351 2075 488 2101 mencurio
512 2073 556 2105 M,
579 2072 712 2099 maximus
732 2071 806 2097 curio
826 2069 887 2100 NS,
912 2069 1045 2095 maximus
1068 2073 1175 2093 marcus
1200 2065 1274 2090 curio
1294 2064 1317 2088 A

190 2120 221 2143 18
245 2119 333 2150 cogn]
357 2125 380 2144 e.
400 2119 442 2143 est
458 2116 484 2142 H
554 2116 623 2146 uice]
642 2118 669 2140 et
690 2114 714 2139 H
786 2112 932 2139 dicentium
952 2111 1079 2137 continuo
1099 2108 1120 2134 S
1190 2109 1221 2133 20
1241 2106 1365 2139 qualitas]
1385 2111 1449 2137 qua-

188 2160 250 2185 litor
262 2161 293 2191 (P)
307 2159 336 2186 M
422 2160 494 2186 uires
507 2158 534 2185 N
619 2159 683 2183 sunt
696 2156 734 2182 Ν*

244 2206 340 2227 Solinus.
1231 2194 1245 2217 2
