1593 2409
795 77 898 105 XXXII

215 171 233 200 9
259 179 285 201 n.
315 168 413 199 17881
441 176 516 197 saec.
533 165 592 195 XV.
632 165 785 204 inscriptio
809 169 838 193 et
860 163 1054 202 subscriptio:
1082 162 1137 193 Gai
1151 162 1223 193 Iulii
1236 162 1383 193 Solim'arl
1399 163 1470 200 (om.

344 219 445 256 inscr.)
480 217 640 247 Adventum
667 215 820 255 polihistor
841 217 900 245 sive
930 214 962 244 de
991 216 1048 244 situ
1081 213 1158 244 orbis
1187 215 1258 250 (om.
1282 212 1409 252 subscr.)
1440 222 1472 242 oc

345 271 389 307 (de
412 269 512 305 inscr.)
535 266 716 297 mirabilibus
739 265 817 295 liber.

219 332 256 361 10
282 330 433 371 n.·18679
450 337 526 358 saec.
550 327 621 358 XIV.
663 326 832 365 inscriptio:
859 327 958 364 incipit
975 325 1046 355 liber
1061 323 1132 353 Iulii
1147 323 1243 353 Solini
1264 323 1295 353 de
1316 325 1373 353 situ
1397 323 1473 353 orbis

344 385 499 411 terrarum.
545 378 723 417 subscriptio
751 376 970 406 Theodosiana:
1000 375 1094 405 Iulius
1117 373 1235 404 Solinus
1265 374 1380 413 exeplicit
1403 374 1471 411 feli-

344 434 413 461 citer
442 430 535 460 studio
567 435 591 459 et
624 428 770 467 diliyentia
800 428 911 457 domini
944 426 1093 456 Theodosii
1123 426 1305 455 invictissimi
1332 426 1472 464 principis

344 491 436 512 amen.

302 548 522 581 CAMBRIDGE

218 614 253 644 11
280 612 359 642 univ.
384 609 436 639 Dd.
461 608 509 639 XI.
549 608 588 638 79
612 616 687 636 saec.
712 605 774 634 XII.
814 604 981 643 inscriptio:
1013 605 1113 643 incipit
1137 603 1207 633 liber
1230 602 1301 632 Iulii
1323 601 1420 632 Solini
1441 602 1473 631 de

343 659 525 692 mirabilibus
547 658 648 688 mundi
675 657 767 686 studio
798 660 823 686 et
851 655 998 693 diligentia
1025 654 1172 684 Theodosii
1197 655 1346 693 principis.
1385 661 1472 691 prae-

344 712 446 743 fationi
463 709 690 750 praescribitur:
715 707 808 737 Iulius
827 707 951 736 Aclvento
966 706 1059 744 fratri
1072 705 1199 735 salutem.
1241 703 1395 743 quaternio
1412 703 1474 742 pri-

345 773 409 793 mus
433 763 467 792 ad
492 763 540 797 30,
558 762 576 792 8
598 759 740 800 paterculi
762 758 889 797 scriptus
913 761 956 787 est
974 766 1063 786 manu
1087 756 1207 791 diversa,
1231 755 1282 785 sed
1300 754 1423 793 aequali.

218 827 256 856 12
280 825 360 855 univ.
379 823 433 853 kk.
451 821 484 853 II,
503 822 543 852 22
560 829 636 849 saec.
652 819 725 848 XIV.
770 818 844 848 liber
867 818 896 846 in
921 826 970 846 ora
988 816 1174 846 inscribitur:
1200 815 1317 845 Solinus
1333 814 1365 844 de
1380 816 1474 844 mira—

346 874 448 904 bilibus
472 873 580 902 mundi.
619 869 793 909 praefationi
818 867 1043 907 praescribitur:
1072 866 1164 896 Iulius
1187 865 1306 895 Solinus
1332 865 1472 895 Constan-

345 928 405 956 tino
428 933 479 954 suo
502 923 632 953 salutem.
670 920 863 958 subscriptio:
887 918 979 948 Iulius
1002 917 1119 947 Solinus
1141 917 1257 956 emplicit
1277 916 1409 955 feliciter.

220 989 256 1019 13
281 986 359 1016 univ.
383 985 451 1014 ΜΠ).
468 983 502 1013 Il.
523 983 560 1014 18
584 991 660 1011 saec.
677 980 739 1010 XIV
764 979 891 1018 scriptus
913 978 947 1007 ad
967 986 1038 1007 usus
1055 976 1151 1006 fratris
1167 976 1287 1005 Galsridi
1312 976 1346 1005 de
1363 975 1474 1014 Wygh-

345 1042 423 1067 tone,
475 1033 644 1072 inscriptio:
673 1031 811 1071 proloyus
834 1029 929 1059 Solini
953 1029 984 1058 de
1006 1027 1185 1057 mirabilibus
1207 1027 1325 1062 mundi,
1354 1026 1403 1056 hoc
1433 1031 1473 1056 est

346 1088 378 1118 cle
401 1086 510 1116 ambitu
541 1091 565 1114 et
588 1086 646 1114 situ
670 1093 694 1113 o.
719 1088 738 1112 t.
763 1087 788 1112 et
811 1082 843 1111 cle
866 1083 937 1119 εἴης).
961 1081 1028 1109 mir.
1060 1088 1111 1118 qne
1137 1078 1241 1107 mundi
1267 1077 1376 1107 ambitu
1406 1086 1474 1107 con-

346 1141 483 1169 tinentur.
522 1134 717 1174 subscriptio:
750 1133 866 1172 emplicit
890 1131 1007 1161 Solinus
1037 1130 1069 1159 de
1092 1129 1201 1159 ambitu
1225 1135 1250 1159 et
1271 1131 1329 1158 situ
1352 1137 1378 1158 o.
1402 1132 1422 1157 t.
1447 1133 1471 1157 et

346 1192 413 1219 mir.
441 1187 552 1218 muudi.

303 1255 533 1288 DARMSTADT

220 1321 257 1350 14
275 1327 304 1347 n.
323 1318 382 1348 737
400 1325 476 1346 saec.
493 1315 569 1344 XIII.
603 1312 756 1351 inscriptio
770 1315 838 1350 post
851 1310 1063 1349 praefationem
1078 1307 1232 1341 noviciam,
1249 1311 1316 1336 ante
1330 1306 1472 1336 indicem:

347 1366 491 1397 indiculus
517 1364 589 1403 capi
610 1362 669 1393 Iuli
695 1363 790 1393 Solini
814 1371 912 1391 rerum
940 1360 1119 1390 collectarum
1148 1359 1231 1397 infra
1262 1358 1474 1396 scripturarum

345 1416 418 1460 [sic],
442 1421 510 1445 ante
526 1416 632 1445 librum
650 1419 716 1454 post
731 1412 942 1452 praefationem
967 1410 1141 1449 genuinam:
1166 1408 1237 1438 Iulii
1259 1407 1353 1437 Soltnt
1374 1407 1470 1438 collec-

345 1471 420 1499 tario
444 1465 507 1509 [sic]
535 1476 634 1497 rerum
657 1463 887 1495 memorabilium
911 1464 1020 1501 incipit.
1069 1460 1262 1499 subscriptio:
1287 1458 1358 1488 Iulii
1380 1458 1476 1488 Solini

346 1520 416 1550 liber
438 1519 555 1558 emplicit
584 1517 705 1556 feliciter
734 1514 880 1552 (sequitur
909 1513 992 1542 locus
1015 1513 1050 1542 de
1073 1512 1174 1551 pipere
1206 1520 1233 1550 p.
1252 1510 1330 1545 221,
1354 1511 1473 1540 5—17:

345 1572 392 1601 sed
414 1575 445 1599 ut
467 1571 549 1609 piper
565 1591 571 1597 .
590 1591 596 1597 .
615 1592 620 1597 .
639 1590 646 1598 .
662 1567 864 1602 honorantur).

304 1647 481 1679 DRESDEN

221 1711 257 1740 15
281 1709 297 1738 J
321 1718 350 1738 n.
376 1709 415 1739 43
439 1715 516 1736 saec.
534 1704 609 1739 xm,
633 1708 718 1733 antea
742 1700 913 1732 monasterii
937 1699 1064 1729 Altzelle.
1103 1697 1275 1736 inscriptio:
1298 1696 1393 1726 Solini
1415 1696 1475 1725 sive

346 1758 529 1796 yrammatici
548 1755 708 1794 polyhistor
731 1753 764 1783 ab
788 1755 848 1791 ipso
872 1752 963 1781 editus
986 1755 1010 1780 et
1033 1750 1194 1787 recognitus
1217 1747 1248 1777 tle
1271 1749 1327 1776 situ
1351 1757 1378 1776 o.
1405 1752 1424 1776 t.
1449 1752 1474 1775 et

345 1810 377 1839 de
399 1810 472 1845 siny.
495 1808 561 1836 mir.
585 1815 609 1844 q.
632 1807 663 1834 in
686 1814 724 1834 m.
752 1804 899 1833 habentur.
953 1799 1148 1839 subscriptio:
1172 1798 1294 1837 feliciter
1317 1797 1386 1827 liber
1405 1806 1474 1836 per-

345 1862 466 1899 scriptus
492 1857 520 1887 G.
544 1856 616 1886 Iulii
643 1855 738 1885 Solini
765 1856 825 1884 sive
853 1853 1037 1892 ¹orammatici
1059 1851 1190 1890 poliistor
1222 1849 1256 1879 ab
1287 1851 1345 1888 ipso
1376 1848 1416 1877 ed.
1447 1853 1472 1877 et

344 1920 399 1941 rec.
423 1908 564 1949 praefatio
589 1906 687 1946 spuria
711 1906 801 1935 adest.

304 1986 533 2017 ENGELBERG
559 1984 792 2023 (Unterwalden)
816 1983 874 2012 sive
891 1979 1169 2011 ANGELOMONTI

167 2048 187 2077 Α
222 2048 259 2078 16
285 2056 313 2078 n.
330 2046 352 2083 Ι,
369 2049 398 2082 4,
418 2048 455 2077 15
479 2055 554 2075 saec.
578 2044 612 2074 X.
661 2043 768 2073 librum
795 2042 912 2072 adhibui
936 2041 967 2070 in
981 2040 1034 2070 ed.
1057 2039 1156 2078 priore
1187 2037 1323 2067 collatum
1347 2044 1371 2064 a.
1391 2035 1472 2066 1859

345 2107 360 2127 a
377 2097 495 2131 Bomio,
519 2096 554 2126 ad
578 2095 656 2125 hanc
679 2095 741 2134 ipsc
764 2092 922 2131 recognovi
946 2091 1067 2120 missum
1086 2089 1264 2119 BerolInum.
1302 2086 1379 2116 foliis
1398 2085 1473 2115 duo-

346 2149 402 2178 bus
417 2147 530 2178 amissis
547 2146 688 2176 deficiunt
704 2155 732 2184 p.
751 2146 801 2181 60,
818 2145 857 2175 20
874 2145 924 2182 qui
938 2151 983 2172 eos
1007 2164 1013 2171 .
1031 2164 1038 2171 .
1055 2164 1062 2171 .
1087 2142 1136 2176 63,
1153 2141 1172 2171 2
1189 2149 1234 2170 res
1250 2143 1287 2169 est
1304 2142 1334 2167 et
1356 2146 1384 2176 p.
1404 2137 1473 2172 163,
