1593 2409
852 67 917 93 XVI

261 164 341 189 certe
365 166 464 186 earum
494 155 661 194 copiarum,
697 153 803 192 quibus
826 153 881 192 ipsi
904 153 949 183 nsi
983 157 1053 182 sunt
1077 151 1188 181 Plinius
1220 156 1248 181 et
1282 151 1370 186 Mela,
1405 151 1516 190 pariter

263 210 358 239 aditus
382 212 504 246 pateret.
544 207 579 235 de
603 205 711 244 quibus
735 205 772 234 ita
796 203 1003 243 disputabitur,
1026 207 1059 232 ut
1077 202 1163 232 simul
1179 202 1410 241 complectamur
1426 207 1515 232 totam

262 259 464 298 quaestionem
489 258 525 286 de
549 266 662 292 eorum,
686 266 761 295 quae
778 255 921 285 Plinianis
943 254 1054 283 adiecta
1071 252 1264 282 inveniuntur
1278 253 1354 291 apud
1371 252 1515 288 Solinum,

263 311 379 340 ratione
403 314 432 339 et
455 308 579 347 origine.
618 317 676 346 quo
701 307 874 337 referendae
891 309 961 335 sunt
976 304 1104 343 primum
1122 303 1166 339 iis,
1190 312 1264 341 quae
1280 303 1393 332 Plinius
1409 303 1518 332 Melave

263 362 398 391 referunt
420 361 485 390 sine
508 363 638 394 auctore,
662 359 824 397 adscriptae
847 356 1038 386 auctoritates
1061 354 1192 384 Archelai
1214 354 1292 392 regis
1314 363 1343 392 p.
1370 355 1438 390 186,
1463 356 1517 390 15;

269 412 363 451 Crispi
385 421 413 450 p.
431 411 481 445 46,
498 412 533 445 4;
558 410 716 440 Democriti
736 409 846 448 physici
867 418 895 446 p.
916 409 964 441 13,
981 408 1010 436 4.
1035 406 1071 434 cf.
1089 415 1117 443 p.
1135 407 1186 439 45,
1206 406 1257 439 15;
1281 403 1401 434 Homeri
1422 414 1450 443 p.
1468 405 1518 439 61,

268 465 316 494 10.
342 464 391 498 62,
409 464 443 498 4;
468 461 554 491 lubae
576 461 654 499 regis
677 470 705 499 p.
732 462 802 495 119,
823 461 870 490 10.
897 459 966 492 186,
985 459 1041 493 15;
1066 455 1227 486 Metrodori
1248 464 1276 493 p.
1301 456 1350 491 42,
1370 457 1402 492 1;
1430 454 1518 485 Theo-

264 514 378 553 phrasti
401 522 428 552 p.
454 512 504 547 87,
529 512 563 548 2;
597 511 757 542 Zoroastris
780 520 809 549 p.
833 512 883 545 41,
910 511 957 540 16.
984 509 1052 541 159,
1077 508 1105 537 9.
1151 515 1328 545 quamquain
1352 515 1452 536 verum
1477 510 1520 536 est

266 566 339 595 haec
363 569 412 594 aut
435 563 534 592 omnia
557 567 606 592 aut
630 562 769 601 pleraque
785 560 941 590 admodum
959 562 1094 597 suspecta
1110 566 1173 586 esse
1190 561 1218 586 et
1234 557 1418 586 conturbata.
1453 566 1519 586 nam

268 620 300 645 ut
324 616 452 645 Punicos
483 613 574 643 libros
603 622 631 651 p.
657 613 727 647 138,
751 614 769 643 4
801 616 917 641 constat
940 619 1000 639 non
1026 609 1097 638 alios
1121 618 1184 637 csse
1208 617 1294 645 quam
1318 607 1410 646 ipsius
1432 607 1521 637 lubae

267 667 345 705 regis
368 665 454 695 simul
478 665 591 699 citatos,
614 664 652 693 ita
677 673 736 692 non
762 672 898 702 magnam
923 662 1008 690 fidem
1032 659 1205 689 habebimus
1221 658 1323 688 Solino
1348 668 1376 697 p.
1395 659 1464 694 119,
1484 659 1521 689 10

271 727 303 747 ea
328 726 401 755 quae
427 716 538 745 Plinius
560 714 662 745 scribit
685 724 716 744 se
739 714 881 743 audivisse
905 711 1045 741 referenti
1070 720 1104 739 ex
1128 710 1229 739 eodem
1254 709 1336 743 Iuba,
1359 709 1405 738 vel
1427 708 1524 738 Theo-

270 769 421 807 phrastum
446 766 547 796 citanti
570 767 605 796 de
628 776 660 795 ea
685 775 716 795 re
740 774 816 803 quae
840 774 894 793 nec
919 763 990 792 dixit
1013 763 1036 791 is
1053 771 1108 791 nec
1125 760 1209 790 facite
1225 760 1322 789 dicere
1339 759 1443 798 potuit,
1468 768 1524 789 nec

271 829 326 859 pro
344 818 430 848 Plinii
447 818 565 857 Myrsilo
582 817 717 855 Crispum
734 816 874 851 laudanti,
891 823 1067 853 quamquam
1085 812 1188 841 similia
1206 820 1273 840 vere
1288 810 1402 839 videtur
1415 809 1525 839 Sallus-

271 871 329 900 tius
352 870 485 909 posuisse
502 869 531 898 in
551 868 689 898 historiis.
727 866 887 897 Metrodori
905 874 994 905 porro
1012 863 1153 902 adlegatio
1172 862 1224 891 etsi
1241 871 1294 900 per
1310 870 1340 890 se
1357 860 1525 900 suspicione

273 926 367 957 caret,
397 925 494 950 tamen
527 919 597 957 quid
627 922 704 947 vetat
733 918 762 947 in
792 917 841 946 tali
871 921 992 946 auctore
1024 915 1153 953 cogitare
1176 913 1211 941 de
1235 912 1426 948 confusione,
1458 920 1525 941 cum

275 973 387 1002 Plinius
416 972 445 1000 in
477 970 552 999 libro
581 969 617 998 de
647 968 770 1007 gemmis
794 967 995 997 Metrodorum
1027 972 1243 1004 saepenumero
1267 962 1383 992 citarit?
1413 962 1525 1000 reliqua

272 1023 402 1061 denique
432 1026 481 1051 aut
510 1020 646 1049 facillime
677 1019 810 1049 similiter
839 1018 1022 1057 explicantur
1051 1020 1101 1045 aut
1130 1014 1260 1053 vulgaria
1289 1018 1368 1043 sunt.
1392 1030 1433 1034 —
1456 1013 1526 1042 Aliis

272 1075 346 1104 locis
368 1074 437 1103 item
461 1072 607 1110 adscripta
637 1070 830 1109 reperiuntur
853 1068 1046 1108 praenomina
1069 1076 1085 1095 a
1108 1065 1202 1095 Plinio
1226 1064 1348 1093 omissa:
1379 1068 1411 1093 ut
1430 1073 1458 1102 p.
1475 1064 1527 1099 20,

274 1127 303 1157 S.
329 1127 346 1155 9
372 1124 424 1154 Cn.
450 1123 588 1162 Pompeio
613 1126 642 1151 et
666 1121 696 1151 C.
721 1121 820 1156 Vibio;
844 1130 872 1159 p.
891 1121 940 1155 20,
960 1121 996 1149 15
1015 1118 1051 1147 M.
1070 1117 1234 1153 Messallae;
1258 1125 1286 1154 p.
1304 1116 1353 1151 30,
1370 1117 1388 1146 9
1405 1115 1443 1144 M.
1460 1113 1529 1143 Fut-

274 1177 319 1205 vio
344 1176 448 1205 Flacco
473 1174 535 1212 (qui
566 1178 663 1202 tamen
690 1172 775 1201 Plinii
806 1171 919 1200 auctori
943 1169 1056 1199 Valerio
1081 1168 1206 1197 Maximo
1231 1167 1260 1201 8,
1287 1168 1335 1201 15,
1361 1167 1399 1196 12
1423 1165 1530 1194 dicitur

275 1227 413 1262 Quintus,
436 1230 469 1254 ut
485 1224 617 1254 Valerius
640 1224 675 1253 de
699 1222 821 1251 consule
845 1231 869 1250 a.
887 1223 958 1256 517,
983 1220 1102 1249 Solinus
1118 1218 1245 1248 Solinive
1268 1220 1372 1246 auctor
1394 1214 1429 1243 de
1445 1218 1528 1253 patre

276 1278 337 1307 eius
361 1276 483 1306 consule
507 1285 531 1304 a.
556 1276 617 1305 490
642 1274 785 1312 cogitasse
808 1272 966 1308 videatur);
990 1281 1017 1310 p.
1045 1272 1115 1305 115,
1144 1270 1179 1300 13
1203 1268 1235 1297 L.
1260 1266 1386 1297 Domitio
1410 1265 1529 1295 Aheno-

275 1329 377 1358 barbo.
424 1327 491 1356 alibi
515 1332 631 1364 teinpus
654 1325 809 1359 definitur,
839 1328 872 1353 ut
895 1322 1081 1352 Metrodorus
1105 1330 1133 1359 p.
1157 1321 1207 1355 27,
1231 1320 1271 1350 22
1295 1317 1403 1347 dicitur
1424 1315 1530 1345 vixisse

276 1378 462 1418 temporibus
491 1377 632 1415 Diogenis
666 1376 760 1415 cynici
795 1373 999 1404 confundente
1033 1371 1144 1401 scilicet
1173 1370 1318 1408 scriptore
1347 1367 1532 1397 Metrodoros

278 1430 431 1469 Scepsium
456 1434 484 1458 et
507 1428 718 1458 Atheniensem
748 1429 783 1462 (v.
808 1426 928 1455 Salmas.
952 1433 981 1462 p.
1007 1424 1073 1460 36):
1104 1422 1172 1451 item
1203 1420 1238 1449 ad
1269 1418 1467 1449 narrationem
1496 1417 1531 1446 de

279 1481 392 1512 Orestis
423 1479 538 1509 ossibus
564 1478 691 1508 inventis
720 1487 749 1516 p.
776 1477 824 1511 22,
849 1477 866 1506 3
897 1474 1038 1513 olympias
1067 1473 1178 1502 adiecta
1209 1476 1261 1500 est.
1306 1468 1440 1507 Denique
1469 1467 1531 1497 aliis

278 1532 351 1562 locis
381 1540 456 1570 quae
480 1530 593 1559 Plinius
622 1529 749 1558 breviter
773 1527 915 1556 indicarat
946 1525 1130 1563 explicantur
1159 1526 1350 1561 augenturve.
1400 1519 1437 1548 ita
1469 1517 1532 1547 Deli

284 1583 454 1613 nominihus
478 1591 493 1610 a
518 1581 612 1610 Plinio
637 1579 808 1618 simpliciter
832 1577 931 1606 relatis
953 1576 1029 1615 apud
1056 1574 1190 1604 Solinum
1207 1582 1235 1612 p.
1254 1574 1304 1607 74,
1330 1572 1368 1602 19
1391 1569 1535 1599 subicitur

284 1634 426 1663 Asteriam
450 1632 575 1662 insulani
599 1631 655 1660 dici
679 1640 695 1660 a
719 1630 799 1659 cultu
816 1628 970 1667 Apollinis,
994 1627 1113 1664 Lagiam
1137 1629 1166 1654 et
1182 1623 1383 1662 Cynethonem
1408 1630 1422 1650 a
1445 1629 1535 1649 vena-

281 1685 376 1714 tibus:
401 1684 438 1713 ita
463 1694 492 1722 p.
521 1684 589 1717 125,
615 1683 632 1713 8
659 1691 726 1711 cum
751 1680 864 1710 Plinius
887 1678 997 1709 scribat
1019 1676 1180 1706 Tritoniam
1205 1673 1340 1713 paludem
1365 1670 1537 1701 Pallantiam

282 1735 423 1774 appellari
440 1734 627 1768 Callimacho,
652 1733 770 1761 Solinus
794 1735 895 1760 narrat
915 1729 1073 1758 Minervam
1098 1727 1127 1756 in
1153 1736 1185 1755 ea
1208 1735 1239 1755 se
1262 1722 1438 1762 speculatam
1463 1730 1535 1750 esse.

284 1787 412 1824 denique
443 1794 508 1814 cum
536 1785 645 1813 Plinius
670 1786 698 1817 4,
726 1784 762 1813 16
793 1782 833 1811 sic
861 1780 968 1811 scribat
991 1779 1026 1807 de
1049 1787 1119 1816 agro
1144 1776 1306 1806 Laconico:
1337 1772 1441 1812 oppida
1468 1771 1536 1801 Tae-

284 1846 401 1871 narum,
426 1835 563 1874 Amyclae.
590 1834 706 1869 Pherae,
730 1833 864 1862 Leuctra:
894 1837 919 1861 et
942 1833 1021 1860 intus
1043 1829 1159 1868 Sparta,
1186 1826 1361 1865 Therapnae,
1384 1829 1466 1862 atque
1487 1822 1538 1852 ubi

287 1889 371 1927 fuere
397 1886 573 1925 Cardamyle,
597 1887 710 1920 Pitane,
734 1883 847 1917 Anchia,
871 1883 949 1912 locus
973 1881 1106 1919 Thyreae,
1131 1879 1266 1913 Gerania,
1290 1885 1370 1906 mons
1388 1874 1536 1913 Taygetus,

285 1940 380 1969 amnis
402 1938 542 1972 Eurotas,
573 1937 673 1966 eadem
705 1935 791 1973 plane
822 1933 929 1972 oppida
960 1935 1155 1962 recensentur
1178 1928 1254 1967 apud
1278 1926 1411 1957 Solinum
1435 1934 1464 1964 p.
1488 1924 1539 1959 56,

287 1990 400 2025 8-17,
426 1988 480 2018 nisi
504 1988 582 2027 quod
606 1987 783 2016 omittuntur
807 1985 918 2014 Pherae
942 1987 970 2012 et
993 1981 1127 2016 Gerania,
1157 1979 1318 2017 eodemque
1342 1977 1402 2006 sere
1426 1975 1539 2010 ordine,

288 2040 476 2079 transpositis
505 2037 710 2068 tantummodo
741 2036 874 2065 Leuctris
904 2039 932 2063 et
956 2031 1140 2070 Cardamyle:
1171 2030 1222 2059 sed
1253 2028 1339 2058 nudis
1370 2025 1541 2056 nominibus

288 2092 376 2121 Plinii
400 2091 548 2121 adduntur
571 2098 618 2119 res
641 2092 804 2118 memoratu
828 2086 942 2124 dignae,
970 2084 1004 2113 ad
1028 2081 1161 2121 Amyclas
1184 2089 1269 2110 causa
1292 2077 1428 2108 interitus
1450 2076 1541 2106 silen-

289 2143 372 2179 tium,
397 2142 431 2172 ad
451 2142 575 2171 Leuctra
599 2148 706 2179 pugna,
731 2139 765 2168 ad
783 2138 917 2176 Spartam
940 2135 1019 2164 aedis
1035 2134 1188 2163 Castorum
1213 2131 1336 2168 aliaque,
1360 2128 1394 2157 ad
1411 2127 1542 2166 Therap-
