<?xml version="1.0" encoding="UTF-8"?>
<!DOCTYPE html PUBLIC "-//W3C//DTD XHTML 1.0 Transitional//EN"
    "http://www.w3.org/TR/xhtml1/DTD/xhtml1-transitional.dtd">
<html xmlns="http://www.w3.org/1999/xhtml" xml:lang="en" lang="en">
 <head>
  <title>
</title>
<meta http-equiv="Content-Type" content="text/html;charset=utf-8" />
  <meta name='ocr-system' content='tesseract 3.04.00' />
  <meta name='ocr-capabilities' content='ocr_page ocr_carea ocr_par ocr_line ocrx_word'/>
</head>
<body>
  <div class='ocr_page' id='page_1' title='image "./collectanearerum00soliuoft_0101.png"; bbox 0 0 1593 2409; ppageno 0'>
   <div class='ocr_carea' id='block_1_1' title="bbox 322 494 1029 540">
    <p class='ocr_par' dir='ltr' id='par_1_1' title="bbox 322 494 1029 540">
     <span class='ocr_line' id='line_1_1' title="bbox 322 494 1029 540; baseline -0.014 0"><span class='ocrx_word' id='word_1_1' title='bbox 322 505 367 540; x_wconf 91' lang='lat' dir='ltr'>V.</span> <span class='ocrx_word' id='word_1_2' title='bbox 406 498 630 538; x_wconf 80' lang='lat' dir='ltr'>TITVLVS</span> <span class='ocrx_word' id='word_1_3' title='bbox 659 498 728 534; x_wconf 83' lang='lat' dir='ltr'>ET</span> <span class='ocrx_word' id='word_1_4' title='bbox 756 494 1029 534; x_wconf 80' lang='lat' dir='ltr'>RVBRIGAE.</span> 
     </span>
    </p>
   </div>
   <div class='ocr_carea' id='block_1_2' title="bbox 49 603 1311 958">
    <p class='ocr_par' dir='ltr' id='par_1_2' title="bbox 49 603 1307 707">
     <span class='ocr_line' id='line_1_2' title="bbox 135 603 1307 652; baseline -0.015 -4"><span class='ocrx_word' id='word_1_5' title='bbox 135 618 257 648; x_wconf 87' lang='lat' dir='ltr'>Librum</span> <span class='ocrx_word' id='word_1_6' title='bbox 281 619 383 645; x_wconf 91' lang='lat' dir='ltr'>auctor</span> <span class='ocrx_word' id='word_1_7' title='bbox 407 612 557 652; x_wconf 88' lang='lat' dir='ltr'>quomodo</span> <span class='ocrx_word' id='word_1_8' title='bbox 586 608 772 649; x_wconf 78' lang='lat' dir='ltr'>inscripserit</span> <span class='ocrx_word' id='word_1_9' title='bbox 798 612 830 637; x_wconf 90' lang='lat' dir='ltr'>ut</span> <span class='ocrx_word' id='word_1_10' title='bbox 853 607 1054 645; x_wconf 69' lang='lat' dir='ltr'>intellegatur,</span> <span class='ocrx_word' id='word_1_11' title='bbox 1086 603 1307 642; x_wconf 77' lang='lat' dir='ltr'>composuimus</span> 
     </span>
     <span class='ocr_line' id='line_1_3' title="bbox 49 657 1069 707; baseline -0.016 -6"><span class='ocrx_word' id='word_1_12' title='bbox 49 676 77 701; x_wconf 86' lang='lat' dir='ltr'>et</span> <span class='ocrx_word' id='word_1_13' title='bbox 100 670 175 700; x_wconf 85' lang='lat' dir='ltr'>tituli</span> <span class='ocrx_word' id='word_1_14' title='bbox 198 677 269 707; x_wconf 87' lang='lat' dir='ltr'>quas</span> <span class='ocrx_word' id='word_1_15' title='bbox 293 667 433 696; x_wconf 83' lang='lat' dir='ltr'>habemns</span> <span class='ocrx_word' id='word_1_16' title='bbox 456 663 657 702; x_wconf 77' lang='lat' dir='ltr'>adlegationes</span> <span class='ocrx_word' id='word_1_17' title='bbox 680 665 709 689; x_wconf 85' lang='lat' dir='ltr'>et</span> <span class='ocrx_word' id='word_1_18' title='bbox 732 659 899 689; x_wconf 84' lang='lat' dir='ltr'>testimonia</span> <span class='ocrx_word' id='word_1_19' title='bbox 924 657 1069 687; x_wconf 85' lang='lat' dir='ltr'>codicum.</span> 
     </span>
    </p>

    <p class='ocr_par' dir='ltr' id='par_1_3' title="bbox 49 704 1311 958">
     <span class='ocr_line' id='line_1_4' title="bbox 135 704 1307 755; baseline -0.015 -5"><span class='ocrx_word' id='word_1_20' title='bbox 135 720 316 754; x_wconf 85' lang='lat' dir='ltr'>Priscianus,</span> <span class='ocrx_word' id='word_1_21' title='bbox 347 717 397 755; x_wconf 89' lang='lat' dir='ltr'>qni</span> <span class='ocrx_word' id='word_1_22' title='bbox 421 716 502 745; x_wconf 90' lang='lat' dir='ltr'>solus</span> <span class='ocrx_word' id='word_1_23' title='bbox 531 724 565 744; x_wconf 86' lang='lat' dir='ltr'>ex</span> <span class='ocrx_word' id='word_1_24' title='bbox 589 712 761 743; x_wconf 88' lang='lat' dir='ltr'>auctoribus</span> <span class='ocrx_word' id='word_1_25' title='bbox 784 711 933 739; x_wconf 77' lang='lat' dir='ltr'>Romanae</span> <span class='ocrx_word' id='word_1_26' title='bbox 963 708 1064 737; x_wconf 86' lang='lat' dir='ltr'>aetatis</span> <span class='ocrx_word' id='word_1_27' title='bbox 1089 706 1155 736; x_wconf 83' lang='lat' dir='ltr'>libri</span> <span class='ocrx_word' id='word_1_28' title='bbox 1180 704 1307 734; x_wconf 81' lang='lat' dir='ltr'>indicem</span> 
     </span>
     <span class='ocr_line' id='line_1_5' title="bbox 49 754 1309 804; baseline -0.016 -1"><span class='ocrx_word' id='word_1_29' title='bbox 49 773 182 803; x_wconf 78' lang='lat' dir='ltr'>enuntiat</span> <span class='ocrx_word' id='word_1_30' title='bbox 205 771 233 800; x_wconf 93' lang='lat' dir='ltr'>in</span> <span class='ocrx_word' id='word_1_31' title='bbox 258 767 496 800; x_wconf 77' lang='lat' dir='ltr'>institutionibus</span> <span class='ocrx_word' id='word_1_32' title='bbox 524 763 721 804; x_wconf 76' lang='lat' dir='ltr'>grammaticis</span> <span class='ocrx_word' id='word_1_33' title='bbox 748 762 839 791; x_wconf 84' lang='lat' dir='ltr'>octies</span> <span class='ocrx_word' id='word_1_34' title='bbox 869 761 1004 790; x_wconf 87' lang='lat' dir='ltr'>Solinum</span> <span class='ocrx_word' id='word_1_35' title='bbox 1034 759 1190 796; x_wconf 79' lang='lat' dir='ltr'>adlegans,</span> <span class='ocrx_word' id='word_1_36' title='bbox 1219 754 1309 784; x_wconf 83' lang='lat' dir='ltr'>semel</span> 
     </span>
     <span class='ocr_line' id='line_1_6' title="bbox 50 806 1311 860; baseline -0.016 -6"><span class='ocrx_word' id='word_1_37' title='bbox 50 824 162 854; x_wconf 89' lang='lat' dir='ltr'>nudum</span> <span class='ocrx_word' id='word_1_38' title='bbox 180 831 288 852; x_wconf 88' lang='lat' dir='ltr'>nomen</span> <span class='ocrx_word' id='word_1_39' title='bbox 307 820 400 860; x_wconf 84' lang='lat' dir='ltr'>ponit,</span> <span class='ocrx_word' id='word_1_40' title='bbox 425 818 515 848; x_wconf 82' lang='lat' dir='ltr'>semel</span> <span class='ocrx_word' id='word_1_41' title='bbox 530 819 570 855; x_wconf 85' lang='lat' dir='ltr'>(l,</span> <span class='ocrx_word' id='word_1_42' title='bbox 587 816 639 852; x_wconf 75' lang='lat'>28)</span> <span class='ocrx_word' id='word_1_43' title='bbox 664 815 734 844; x_wconf 86' lang='lat' dir='ltr'>citat</span> <span class='ocrx_word' id='word_1_44' title='bbox 750 813 883 843; x_wconf 84' lang='lat' dir='ltr'>Solinum</span> <span class='ocrx_word' id='word_1_45' title='bbox 909 814 940 841; x_wconf 77' lang='lat' dir='ltr'>in</span> <span class='ocrx_word' id='word_1_46' title='bbox 963 811 1137 840; x_wconf 76' lang='lat' dir='ltr'>collectaneis</span> <span class='ocrx_word' id='word_1_47' title='bbox 1160 807 1205 837; x_wconf 87' lang='lat' dir='ltr'>vel</span> <span class='ocrx_word' id='word_1_48' title='bbox 1224 806 1311 846; x_wconf 75' lang='lat' dir='ltr'>poly-</span> 
     </span>
     <span class='ocr_line' id='line_1_7' title="bbox 49 857 1310 910; baseline -0.014 -5"><span class='ocrx_word' id='word_1_49' title='bbox 49 875 162 910; x_wconf 77' lang='lat' dir='ltr'>histore,</span> <span class='ocrx_word' id='word_1_50' title='bbox 187 873 277 903; x_wconf 89' lang='lat' dir='ltr'>semel</span> <span class='ocrx_word' id='word_1_51' title='bbox 294 873 356 909; x_wconf 87' lang='lat'>(10,</span> <span class='ocrx_word' id='word_1_52' title='bbox 374 872 425 907; x_wconf 83' lang='lat'>50)</span> <span class='ocrx_word' id='word_1_53' title='bbox 450 871 481 899; x_wconf 76' lang='lat' dir='ltr'>in</span> <span class='ocrx_word' id='word_1_54' title='bbox 497 868 683 901; x_wconf 74' lang='lat' dir='ltr'>collectaneis,</span> <span class='ocrx_word' id='word_1_55' title='bbox 708 870 811 904; x_wconf 85' lang='lat' dir='ltr'>quater</span> <span class='ocrx_word' id='word_1_56' title='bbox 830 866 871 902; x_wconf 83' lang='lat'>(2,</span> <span class='ocrx_word' id='word_1_57' title='bbox 886 865 935 894; x_wconf 83' lang='grc'>61.</span> <span class='ocrx_word' id='word_1_58' title='bbox 953 864 982 897; x_wconf 80' lang='grc'>5,</span> <span class='ocrx_word' id='word_1_59' title='bbox 1000 863 1046 892; x_wconf 85' lang='grc'>15.</span> <span class='ocrx_word' id='word_1_60' title='bbox 1065 863 1092 895; x_wconf 80' lang='grc'>6,</span> <span class='ocrx_word' id='word_1_61' title='bbox 1105 861 1155 891; x_wconf 80' lang='grc'>86.</span> <span class='ocrx_word' id='word_1_62' title='bbox 1174 859 1222 890; x_wconf 74' lang='grc'>18,</span> <span class='ocrx_word' id='word_1_63' title='bbox 1236 857 1310 893; x_wconf 80' lang='grc'>213)</span> 
     </span>
     <span class='ocr_line' id='line_1_8' title="bbox 49 913 1049 958; baseline -0.015 -2"><span class='ocrx_word' id='word_1_64' title='bbox 49 928 80 956; x_wconf 77' lang='lat' dir='ltr'>in</span> <span class='ocrx_word' id='word_1_65' title='bbox 103 923 344 958; x_wconf 73' lang='lat' dir='ltr'>memorabilibus,</span> <span class='ocrx_word' id='word_1_66' title='bbox 368 921 457 951; x_wconf 88' lang='lat' dir='ltr'>semel</span> <span class='ocrx_word' id='word_1_67' title='bbox 482 919 609 957; x_wconf 79' lang='lat' dir='ltr'>denique</span> <span class='ocrx_word' id='word_1_68' title='bbox 633 919 674 954; x_wconf 86' lang='grc'>(6,</span> <span class='ocrx_word' id='word_1_69' title='bbox 692 918 743 954; x_wconf 77' lang='grc'>44)</span> <span class='ocrx_word' id='word_1_70' title='bbox 767 918 799 945; x_wconf 81' lang='lat' dir='ltr'>in</span> <span class='ocrx_word' id='word_1_71' title='bbox 821 913 1049 945; x_wconf 70' lang='lat' dir='ltr'>admirabilibus.</span> 
     </span>
    </p>
   </div>
   <div class='ocr_carea' id='block_1_3' title="bbox 51 969 1326 2158">
    <p class='ocr_par' dir='ltr' id='par_1_4' title="bbox 51 969 1312 1118">
     <span class='ocr_line' id='line_1_9' title="bbox 135 969 1309 1022; baseline -0.016 -7"><span class='ocrx_word' id='word_1_72' title='bbox 135 984 306 1015; x_wconf 81' lang='lat' dir='ltr'>Aldllelmus</span> <span class='ocrx_word' id='word_1_73' title='bbox 329 981 362 1022; x_wconf 55' lang='grc' dir='ltr'>(ἦ-</span> <span class='ocrx_word' id='word_1_74' title='bbox 378 981 452 1017; x_wconf 80' lang='lat'>709)</span> <span class='ocrx_word' id='word_1_75' title='bbox 477 989 547 1009; x_wconf 87' lang='lat' dir='ltr'>usus</span> <span class='ocrx_word' id='word_1_76' title='bbox 570 978 645 1007; x_wconf 89' lang='lat' dir='ltr'>libro</span> <span class='ocrx_word' id='word_1_77' title='bbox 669 981 720 1006; x_wconf 88' lang='lat' dir='ltr'>aut</span> <span class='ocrx_word' id='word_1_78' title='bbox 742 976 853 1015; x_wconf 83' lang='lat' dir='ltr'>primae</span> <span class='ocrx_word' id='word_1_79' title='bbox 878 973 977 1003; x_wconf 86' lang='lat' dir='ltr'>classis</span> <span class='ocrx_word' id='word_1_80' title='bbox 1001 976 1050 1001; x_wconf 88' lang='lat' dir='ltr'>aut</span> <span class='ocrx_word' id='word_1_81' title='bbox 1066 970 1214 1000; x_wconf 86' lang='lat' dir='ltr'>secundae</span> <span class='ocrx_word' id='word_1_82' title='bbox 1237 969 1309 1004; x_wconf 90' lang='lat' dir='ltr'>(non</span> 
     </span>
     <span class='ocr_line' id='line_1_10' title="bbox 51 1020 1312 1072; baseline -0.016 -5"><span class='ocrx_word' id='word_1_83' title='bbox 51 1038 163 1072; x_wconf 76' lang='lat' dir='ltr'>tertiae,</span> <span class='ocrx_word' id='word_1_84' title='bbox 187 1046 212 1064; x_wconf 95' lang='lat' dir='ltr'>v.</span> <span class='ocrx_word' id='word_1_85' title='bbox 241 1036 309 1069; x_wconf 74' lang='lat'>100,</span> <span class='ocrx_word' id='word_1_86' title='bbox 329 1035 388 1069; x_wconf 79' lang='lat'>12),</span> <span class='ocrx_word' id='word_1_87' title='bbox 413 1031 464 1060; x_wconf 89' lang='lat' dir='ltr'>nbi</span> <span class='ocrx_word' id='word_1_88' title='bbox 488 1029 658 1069; x_wconf 82' lang='lat' dir='ltr'>plenissime</span> <span class='ocrx_word' id='word_1_89' title='bbox 682 1029 722 1066; x_wconf 88' lang='lat' dir='ltr'>(p.</span> <span class='ocrx_word' id='word_1_90' title='bbox 741 1027 815 1063; x_wconf 82' lang='lat'><strong>323)</strong></span> <span class='ocrx_word' id='word_1_91' title='bbox 839 1026 880 1055; x_wconf 88' lang='lat' dir='ltr'>sic</span> <span class='ocrx_word' id='word_1_92' title='bbox 904 1025 988 1054; x_wconf 87' lang='lat' dir='ltr'>citat:</span> <span class='ocrx_word' id='word_1_93' title='bbox 1020 1022 1113 1052; x_wconf 73' lang='lat' dir='ltr'>Iulius</span> <span class='ocrx_word' id='word_1_94' title='bbox 1139 1020 1257 1050; x_wconf 70' lang='lat' dir='ltr'>Solinus</span> <span class='ocrx_word' id='word_1_95' title='bbox 1280 1020 1312 1047; x_wconf 80' lang='lat' dir='ltr'>in</span> 
     </span>
     <span class='ocr_line' id='line_1_11' title="bbox 51 1081 605 1118; baseline -0.018 1"><span class='ocrx_word' id='word_1_96' title='bbox 51 1089 220 1118; x_wconf 75' lang='lat' dir='ltr'>collectanea,</span> <span class='ocrx_word' id='word_1_97' title='bbox 242 1094 340 1116; x_wconf 74' lang='lat' dir='ltr'>rernm</span> <span class='ocrx_word' id='word_1_98' title='bbox 363 1081 605 1113; x_wconf 76' lang='lat' dir='ltr'>memorabilium.</span> 
     </span>
    </p>

    <p class='ocr_par' dir='ltr' id='par_1_5' title="bbox 53 1122 1316 1435">
     <span class='ocr_line' id='line_1_12' title="bbox 140 1122 1314 1168; baseline -0.016 0"><span class='ocrx_word' id='word_1_99' title='bbox 140 1139 253 1168; x_wconf 85' lang='lat' dir='ltr'>Primae</span> <span class='ocrx_word' id='word_1_100' title='bbox 277 1135 377 1166; x_wconf 84' lang='lat' dir='ltr'>classis</span> <span class='ocrx_word' id='word_1_101' title='bbox 399 1134 474 1163; x_wconf 86' lang='lat' dir='ltr'>libro</span> <span class='ocrx_word' id='word_1_102' title='bbox 498 1142 569 1162; x_wconf 88' lang='lat' dir='ltr'>usus</span> <span class='ocrx_word' id='word_1_103' title='bbox 592 1130 687 1160; x_wconf 78' lang='lat' dir='ltr'>Dieuil</span> <span class='ocrx_word' id='word_1_104' title='bbox 711 1133 855 1168; x_wconf 83' lang='lat' dir='ltr'>perpetuo</span> <span class='ocrx_word' id='word_1_105' title='bbox 880 1126 979 1156; x_wconf 86' lang='lat' dir='ltr'>laudat</span> <span class='ocrx_word' id='word_1_106' title='bbox 1001 1124 1110 1154; x_wconf 76' lang='lat' dir='ltr'>Iuliam</span> <span class='ocrx_word' id='word_1_107' title='bbox 1127 1122 1260 1152; x_wconf 70' lang='lat' dir='ltr'>Solimon</span> <span class='ocrx_word' id='word_1_108' title='bbox 1284 1123 1314 1150; x_wconf 76' lang='lat' dir='ltr'>in</span> 
     </span>
     <span class='ocr_line' id='line_1_13' title="bbox 53 1172 1314 1221; baseline -0.017 0"><span class='ocrx_word' id='word_1_109' title='bbox 53 1191 236 1221; x_wconf 78' lang='lat' dir='ltr'>collectaneis.</span> <span class='ocrx_word' id='word_1_110' title='bbox 282 1187 411 1217; x_wconf 84' lang='lat' dir='ltr'>eiusdem</span> <span class='ocrx_word' id='word_1_111' title='bbox 437 1183 549 1214; x_wconf 85' lang='lat' dir='ltr'>ordinis</span> <span class='ocrx_word' id='word_1_112' title='bbox 572 1182 647 1211; x_wconf 87' lang='lat' dir='ltr'>liber</span> <span class='ocrx_word' id='word_1_113' title='bbox 664 1180 693 1211; x_wconf 96' lang='lat' dir='ltr'><em>N</em></span> <span class='ocrx_word' id='word_1_114' title='bbox 706 1181 835 1218; x_wconf 83' lang='lat' dir='ltr'>itemque</span> <span class='ocrx_word' id='word_1_115' title='bbox 858 1178 927 1207; x_wconf 86' lang='lat' dir='ltr'>huic</span> <span class='ocrx_word' id='word_1_116' title='bbox 943 1177 1046 1206; x_wconf 83' lang='lat' dir='ltr'>aflines</span> <span class='ocrx_word' id='word_1_117' title='bbox 1062 1174 1165 1204; x_wconf 84' lang='lat' dir='ltr'>tertiae</span> <span class='ocrx_word' id='word_1_118' title='bbox 1183 1173 1227 1202; x_wconf 77' lang='lat' dir='ltr'>SA</span> <span class='ocrx_word' id='word_1_119' title='bbox 1244 1172 1314 1202; x_wconf 90' lang='lat' dir='ltr'>sub—</span> 
     </span>
     <span class='ocr_line' id='line_1_14' title="bbox 53 1223 1316 1278; baseline -0.017 -6"><span class='ocrx_word' id='word_1_120' title='bbox 53 1242 205 1273; x_wconf 86' lang='lat' dir='ltr'>scribunt:</span> <span class='ocrx_word' id='word_1_121' title='bbox 236 1238 351 1278; x_wconf 65' lang='lat' dir='ltr'>emplicit</span> <span class='ocrx_word' id='word_1_122' title='bbox 382 1237 454 1266; x_wconf 84' lang='lat' dir='ltr'>liber</span> <span class='ocrx_word' id='word_1_123' title='bbox 476 1234 548 1264; x_wconf 78' lang='lat' dir='ltr'>Iulii</span> <span class='ocrx_word' id='word_1_124' title='bbox 570 1233 666 1263; x_wconf 79' lang='lat' dir='ltr'>Solini</span> <span class='ocrx_word' id='word_1_125' title='bbox 687 1233 719 1262; x_wconf 73' lang='lat' dir='ltr'>sle</span> <span class='ocrx_word' id='word_1_126' title='bbox 742 1233 799 1261; x_wconf 78' lang='lat' dir='ltr'>sica</span> <span class='ocrx_word' id='word_1_127' title='bbox 823 1230 899 1260; x_wconf 84' lang='lat' dir='ltr'>orbis</span> <span class='ocrx_word' id='word_1_128' title='bbox 923 1235 1069 1258; x_wconf 77' lang='lat' dir='ltr'>terrarum</span> <span class='ocrx_word' id='word_1_129' title='bbox 1092 1231 1116 1255; x_wconf 75' lang='lat' dir='ltr'>et</span> <span class='ocrx_word' id='word_1_130' title='bbox 1140 1226 1172 1254; x_wconf 83' lang='lat' dir='ltr'>de</span> <span class='ocrx_word' id='word_1_131' title='bbox 1194 1223 1316 1262; x_wconf 71' lang='lat' dir='ltr'>sz&#39;uyuli&#39;s</span> 
     </span>
     <span class='ocr_line' id='line_1_15' title="bbox 53 1274 1316 1330; baseline -0.017 -6"><span class='ocrx_word' id='word_1_132' title='bbox 53 1292 233 1324; x_wconf 85' lang='lat' dir='ltr'>mirabilibus</span> <span class='ocrx_word' id='word_1_133' title='bbox 256 1299 326 1330; x_wconf 77' lang='lat' dir='ltr'>quae</span> <span class='ocrx_word' id='word_1_134' title='bbox 348 1287 453 1317; x_wconf 72' lang='lat' dir='ltr'>mundi</span> <span class='ocrx_word' id='word_1_135' title='bbox 475 1286 584 1315; x_wconf 82' lang='lat' dir='ltr'>ambita</span> <span class='ocrx_word' id='word_1_136' title='bbox 607 1285 791 1314; x_wconf 76' lang='lat' dir='ltr'>continentur</span> <span class='ocrx_word' id='word_1_137' title='bbox 814 1280 898 1321; x_wconf 81' lang='lat' dir='ltr'>(quae</span> <span class='ocrx_word' id='word_1_138' title='bbox 920 1282 951 1309; x_wconf 78' lang='lat' dir='ltr'>ia</span> <span class='ocrx_word' id='word_1_139' title='bbox 966 1279 1073 1309; x_wconf 77' lang='lat' dir='ltr'>mundo</span> <span class='ocrx_word' id='word_1_140' title='bbox 1089 1276 1230 1306; x_wconf 78' lang='lat' dir='ltr'>habentur</span> <span class='ocrx_word' id='word_1_141' title='bbox 1248 1274 1316 1314; x_wconf 74' lang='lat' dir='ltr'>SA).</span> 
     </span>
     <span class='ocr_line' id='line_1_16' title="bbox 54 1326 1316 1377; baseline -0.018 0"><span class='ocrx_word' id='word_1_142' title='bbox 54 1346 196 1377; x_wconf 79' lang='lat' dir='ltr'>deliciunt</span> <span class='ocrx_word' id='word_1_143' title='bbox 211 1343 255 1372; x_wconf 88' lang='lat' dir='ltr'>vel</span> <span class='ocrx_word' id='word_1_144' title='bbox 277 1343 377 1371; x_wconf 83' lang='lat' dir='ltr'>tacent</span> <span class='ocrx_word' id='word_1_145' title='bbox 393 1338 484 1368; x_wconf 69' lang='grc' dir='ltr'><em>ΒΘΗ.</em></span> <span class='ocrx_word' id='word_1_146' title='bbox 523 1335 714 1374; x_wconf 76' lang='lat' dir='ltr'>Polyhistoris</span> <span class='ocrx_word' id='word_1_147' title='bbox 730 1332 847 1362; x_wconf 86' lang='lat' dir='ltr'>titulum</span> <span class='ocrx_word' id='word_1_148' title='bbox 866 1331 948 1361; x_wconf 88' lang='lat' dir='ltr'>novit</span> <span class='ocrx_word' id='word_1_149' title='bbox 965 1331 1138 1368; x_wconf 71' lang='lat' dir='ltr'>Anonymus</span> <span class='ocrx_word' id='word_1_150' title='bbox 1162 1326 1316 1357; x_wconf 85' lang='lat' dir='ltr'>Leidensis</span> 
     </span>
     <span class='ocr_line' id='line_1_17' title="bbox 56 1389 471 1435; baseline -0.024 -8"><span class='ocrx_word' id='word_1_151' title='bbox 56 1397 131 1435; x_wconf 86' lang='lat' dir='ltr'>(vide</span> <span class='ocrx_word' id='word_1_152' title='bbox 155 1405 183 1435; x_wconf 90' lang='lat' dir='ltr'>p.</span> <span class='ocrx_word' id='word_1_153' title='bbox 199 1392 327 1424; x_wconf 80' lang='lat' dir='ltr'>XXVIII.</span> <span class='ocrx_word' id='word_1_154' title='bbox 362 1389 471 1426; x_wconf 79' lang='lat' dir='ltr'>LXIV).</span> 
     </span>
    </p>

    <p class='ocr_par' dir='ltr' id='par_1_6' title="bbox 57 1429 1318 1640">
     <span class='ocr_line' id='line_1_18' title="bbox 140 1429 1318 1477; baseline -0.017 -1"><span class='ocrx_word' id='word_1_155' title='bbox 140 1445 293 1477; x_wconf 84' lang='lat' dir='ltr'>Secundae</span> <span class='ocrx_word' id='word_1_156' title='bbox 311 1442 410 1472; x_wconf 83' lang='lat' dir='ltr'>classis</span> <span class='ocrx_word' id='word_1_157' title='bbox 426 1440 493 1469; x_wconf 86' lang='lat' dir='ltr'>libri</span> <span class='ocrx_word' id='word_1_158' title='bbox 508 1437 567 1472; x_wconf 87' lang='lat' dir='ltr'>MQ</span> <span class='ocrx_word' id='word_1_159' title='bbox 583 1436 711 1466; x_wconf 83' lang='lat' dir='ltr'>rubricis</span> <span class='ocrx_word' id='word_1_160' title='bbox 735 1435 810 1472; x_wconf 84' lang='lat' dir='ltr'>(vide</span> <span class='ocrx_word' id='word_1_161' title='bbox 827 1444 856 1474; x_wconf 89' lang='lat' dir='ltr'>p.</span> <span class='ocrx_word' id='word_1_162' title='bbox 874 1433 907 1471; x_wconf 89' lang='lat' dir='ltr'>C)</span> <span class='ocrx_word' id='word_1_163' title='bbox 924 1431 1132 1462; x_wconf 83' lang='lat' dir='ltr'>subscribunt:</span> <span class='ocrx_word' id='word_1_164' title='bbox 1158 1429 1318 1459; x_wconf 77' lang='lat' dir='ltr'>indiculum</span> 
     </span>
     <span class='ocr_line' id='line_1_19' title="bbox 59 1479 1318 1530; baseline -0.017 -1"><span class='ocrx_word' id='word_1_165' title='bbox 59 1499 117 1530; x_wconf 80' lang='lat' dir='ltr'>Iuli</span> <span class='ocrx_word' id='word_1_166' title='bbox 133 1497 227 1528; x_wconf 74' lang='lat' dir='ltr'>Solini</span> <span class='ocrx_word' id='word_1_167' title='bbox 241 1494 432 1525; x_wconf 77' lang='lat' dir='ltr'>collectarium</span> <span class='ocrx_word' id='word_1_168' title='bbox 447 1500 547 1520; x_wconf 80' lang='lat' dir='ltr'>rerum</span> <span class='ocrx_word' id='word_1_169' title='bbox 562 1487 808 1522; x_wconf 78' lang='lat' dir='ltr'>memorabilium3</span> <span class='ocrx_word' id='word_1_170' title='bbox 832 1484 937 1523; x_wconf 83' lang='lat' dir='ltr'>reliqui</span> <span class='ocrx_word' id='word_1_171' title='bbox 955 1483 1041 1512; x_wconf 82' lang='lat' dir='ltr'>liuius</span> <span class='ocrx_word' id='word_1_172' title='bbox 1065 1481 1178 1510; x_wconf 86' lang='lat' dir='ltr'>ordinis</span> <span class='ocrx_word' id='word_1_173' title='bbox 1202 1479 1318 1509; x_wconf 81' lang='lat' dir='ltr'>codices</span> 
     </span>
     <span class='ocr_line' id='line_1_20' title="bbox 58 1531 1318 1586; baseline -0.018 -5"><span class='ocrx_word' id='word_1_174' title='bbox 58 1552 194 1582; x_wconf 87' lang='lat' dir='ltr'>meliores</span> <span class='ocrx_word' id='word_1_175' title='bbox 218 1548 265 1586; x_wconf 89' lang='lat' dir='ltr'>(de</span> <span class='ocrx_word' id='word_1_176' title='bbox 282 1546 446 1582; x_wconf 83' lang='lat' dir='ltr'>fragmento</span> <span class='ocrx_word' id='word_1_177' title='bbox 464 1541 607 1575; x_wconf 79' lang='lat' dir='ltr'>Casinate,</span> <span class='ocrx_word' id='word_1_178' title='bbox 632 1540 661 1568; x_wconf 91' lang='lat' dir='ltr'>in</span> <span class='ocrx_word' id='word_1_179' title='bbox 679 1547 738 1576; x_wconf 86' lang='lat' dir='ltr'>quo</span> <span class='ocrx_word' id='word_1_180' title='bbox 755 1542 799 1566; x_wconf 86' lang='lat' dir='ltr'>est</span> <span class='ocrx_word' id='word_1_181' title='bbox 814 1536 937 1566; x_wconf 81' lang='lat' dir='ltr'>collectio</span> <span class='ocrx_word' id='word_1_182' title='bbox 961 1543 1060 1564; x_wconf 79' lang='lat' dir='ltr'>rerum</span> <span class='ocrx_word' id='word_1_183' title='bbox 1076 1531 1318 1564; x_wconf 80' lang='lat' dir='ltr'>memorabilium,</span> 
     </span>
     <span class='ocr_line' id='line_1_21' title="bbox 57 1591 661 1640; baseline -0.025 -7"><span class='ocrx_word' id='word_1_184' title='bbox 57 1602 115 1632; x_wconf 83' lang='lat' dir='ltr'>dixi</span> <span class='ocrx_word' id='word_1_185' title='bbox 138 1611 167 1640; x_wconf 89' lang='lat' dir='ltr'>p.</span> <span class='ocrx_word' id='word_1_186' title='bbox 183 1599 245 1637; x_wconf 90' lang='lat' dir='ltr'>XL)</span> <span class='ocrx_word' id='word_1_187' title='bbox 269 1596 385 1626; x_wconf 87' lang='lat' dir='ltr'>titulum</span> <span class='ocrx_word' id='word_1_188' title='bbox 411 1603 470 1623; x_wconf 91' lang='lat' dir='ltr'>non</span> <span class='ocrx_word' id='word_1_189' title='bbox 495 1591 661 1621; x_wconf 83' lang='lat' dir='ltr'>enuntiant.</span> 
     </span>
    </p>

    <p class='ocr_par' dir='ltr' id='par_1_7' title="bbox 56 1634 1326 1898">
     <span class='ocr_line' id='line_1_22' title="bbox 143 1634 1322 1689; baseline -0.016 -9"><span class='ocrx_word' id='word_1_190' title='bbox 143 1652 177 1681; x_wconf 90' lang='lat' dir='ltr'>In</span> <span class='ocrx_word' id='word_1_191' title='bbox 200 1648 383 1689; x_wconf 82' lang='lat' dir='ltr'>praefatione</span> <span class='ocrx_word' id='word_1_192' title='bbox 407 1654 458 1675; x_wconf 86' lang='lat' dir='ltr'>sua</span> <span class='ocrx_word' id='word_1_193' title='bbox 481 1653 509 1682; x_wconf 89' lang='lat' dir='ltr'>p.</span> <span class='ocrx_word' id='word_1_194' title='bbox 527 1643 600 1677; x_wconf 76' lang='lat'>217,</span> <span class='ocrx_word' id='word_1_195' title='bbox 620 1642 657 1672; x_wconf 80' lang='lat'>18</span> <span class='ocrx_word' id='word_1_196' title='bbox 682 1638 878 1678; x_wconf 82' lang='lat' dir='ltr'>interpolator</span> <span class='ocrx_word' id='word_1_197' title='bbox 901 1639 954 1667; x_wconf 84' lang='lat' dir='ltr'>erit</span> <span class='ocrx_word' id='word_1_198' title='bbox 977 1638 1075 1675; x_wconf 68' lang='lat' dir='ltr'>igitar,</span> <span class='ocrx_word' id='word_1_199' title='bbox 1099 1634 1210 1672; x_wconf 81' lang='lat' dir='ltr'>inquit,</span> <span class='ocrx_word' id='word_1_200' title='bbox 1242 1634 1322 1671; x_wconf 84' lang='lat' dir='ltr'>operi</span> 
     </span>
     <span class='ocr_line' id='line_1_23' title="bbox 57 1686 1321 1740; baseline -0.018 -5"><span class='ocrx_word' id='word_1_201' title='bbox 57 1706 107 1735; x_wconf 83' lang='lat' dir='ltr'>isti</span> <span class='ocrx_word' id='word_1_202' title='bbox 129 1702 230 1733; x_wconf 76' lang='lat' dir='ltr'>titulus</span> <span class='ocrx_word' id='word_1_203' title='bbox 250 1699 427 1740; x_wconf 73' lang='lat' dir='ltr'>polyliistor;</span> <span class='ocrx_word' id='word_1_204' title='bbox 451 1704 523 1725; x_wconf 75' lang='lat' dir='ltr'>nam</span> <span class='ocrx_word' id='word_1_205' title='bbox 546 1703 627 1733; x_wconf 79' lang='lat' dir='ltr'>quem</span> <span class='ocrx_word' id='word_1_206' title='bbox 644 1694 676 1721; x_wconf 81' lang='lat' dir='ltr'>in</span> <span class='ocrx_word' id='word_1_207' title='bbox 692 1690 810 1720; x_wconf 67' lang='lat' dir='ltr'>emordio</span> <span class='ocrx_word' id='word_1_208' title='bbox 828 1690 1059 1727; x_wconf 70' lang='lat' dir='ltr'>clesiynaveram:</span> <span class='ocrx_word' id='word_1_209' title='bbox 1085 1686 1252 1715; x_wconf 83' lang='lat' dir='ltr'>collectanea</span> <span class='ocrx_word' id='word_1_210' title='bbox 1275 1693 1321 1713; x_wconf 87' lang='lat' dir='ltr'>re-</span> 
     </span>
     <span class='ocr_line' id='line_1_24' title="bbox 58 1737 1323 1786; baseline -0.018 0"><span class='ocrx_word' id='word_1_211' title='bbox 58 1765 124 1786; x_wconf 80' lang='lat' dir='ltr'>rum</span> <span class='ocrx_word' id='word_1_212' title='bbox 147 1751 377 1783; x_wconf 81' lang='lat' dir='ltr'>memorabilium</span> <span class='ocrx_word' id='word_1_213' title='bbox 400 1757 465 1778; x_wconf 83' lang='lat' dir='ltr'>cam</span> <span class='ocrx_word' id='word_1_214' title='bbox 494 1746 538 1776; x_wconf 75' lang='lat' dir='ltr'>his</span> <span class='ocrx_word' id='word_1_215' title='bbox 561 1754 631 1784; x_wconf 80' lang='lat' dir='ltr'>qaae</span> <span class='ocrx_word' id='word_1_216' title='bbox 654 1742 882 1782; x_wconf 70' lang='lat' dir='ltr'>improbaverant</span> <span class='ocrx_word' id='word_1_217' title='bbox 907 1739 1017 1779; x_wconf 74' lang='lat' dir='ltr'>placuit</span> <span class='ocrx_word' id='word_1_218' title='bbox 1040 1737 1210 1767; x_wconf 76' lang='lat' dir='ltr'>oblitterari.</span> <span class='ocrx_word' id='word_1_219' title='bbox 1249 1745 1323 1765; x_wconf 80' lang='lat' dir='ltr'>con—</span> 
     </span>
     <span class='ocr_line' id='line_1_25' title="bbox 60 1788 1326 1841; baseline -0.018 -3"><span class='ocrx_word' id='word_1_220' title='bbox 60 1807 161 1838; x_wconf 84' lang='lat' dir='ltr'>cordat</span> <span class='ocrx_word' id='word_1_221' title='bbox 184 1805 246 1835; x_wconf 87' lang='lat' dir='ltr'>eius</span> <span class='ocrx_word' id='word_1_222' title='bbox 273 1801 392 1841; x_wconf 79' lang='lat' dir='ltr'>generis</span> <span class='ocrx_word' id='word_1_223' title='bbox 418 1798 564 1828; x_wconf 88' lang='lat' dir='ltr'>librorum</span> <span class='ocrx_word' id='word_1_224' title='bbox 586 1794 756 1834; x_wconf 87' lang='lat' dir='ltr'>inscriptio:</span> <span class='ocrx_word' id='word_1_225' title='bbox 785 1792 815 1822; x_wconf 87' lang='lat' dir='ltr'>C.</span> <span class='ocrx_word' id='word_1_226' title='bbox 843 1791 914 1821; x_wconf 82' lang='lat' dir='ltr'>Iulii</span> <span class='ocrx_word' id='word_1_227' title='bbox 940 1790 1036 1820; x_wconf 82' lang='lat' dir='ltr'>Solini</span> <span class='ocrx_word' id='word_1_228' title='bbox 1057 1791 1116 1819; x_wconf 83' lang='lat' dir='ltr'>sive</span> <span class='ocrx_word' id='word_1_229' title='bbox 1142 1788 1326 1827; x_wconf 64' lang='lat' dir='ltr'>grammatici·</span> 
     </span>
     <span class='ocr_line' id='line_1_26' title="bbox 56 1849 704 1898; baseline -0.022 -9"><span class='ocrx_word' id='word_1_230' title='bbox 56 1857 214 1898; x_wconf 75' lang='lat' dir='ltr'>polyhistor</span> <span class='ocrx_word' id='word_1_231' title='bbox 229 1854 263 1884; x_wconf 89' lang='lat' dir='ltr'>ab</span> <span class='ocrx_word' id='word_1_232' title='bbox 287 1855 346 1892; x_wconf 81' lang='lat' dir='ltr'>ipso</span> <span class='ocrx_word' id='word_1_233' title='bbox 372 1851 463 1881; x_wconf 74' lang='lat' dir='ltr'>editus</span> <span class='ocrx_word' id='word_1_234' title='bbox 486 1854 511 1879; x_wconf 86' lang='lat' dir='ltr'>et</span> <span class='ocrx_word' id='word_1_235' title='bbox 534 1849 704 1886; x_wconf 63' lang='lat' dir='ltr'>recognitus.</span> 
     </span>
    </p>

    <p class='ocr_par' dir='ltr' id='par_1_8' title="bbox 62 1898 1325 2158">
     <span class='ocr_line' id='line_1_27' title="bbox 147 1898 1324 1954; baseline -0.016 -9"><span class='ocrx_word' id='word_1_236' title='bbox 147 1915 300 1954; x_wconf 86' lang='lat' dir='ltr'>Colligitur</span> <span class='ocrx_word' id='word_1_237' title='bbox 331 1912 399 1941; x_wconf 87' lang='lat' dir='ltr'>inde</span> <span class='ocrx_word' id='word_1_238' title='bbox 428 1918 526 1939; x_wconf 88' lang='lat' dir='ltr'>veram</span> <span class='ocrx_word' id='word_1_239' title='bbox 562 1905 767 1937; x_wconf 83' lang='lat' dir='ltr'>commentarii</span> <span class='ocrx_word' id='word_1_240' title='bbox 799 1902 1025 1942; x_wconf 81' lang='lat' dir='ltr'>inscriptionem</span> <span class='ocrx_word' id='word_1_241' title='bbox 1061 1909 1123 1929; x_wconf 89' lang='lat' dir='ltr'>esse</span> <span class='ocrx_word' id='word_1_242' title='bbox 1154 1898 1324 1929; x_wconf 74' lang='lat' dir='ltr'>collectanea</span> 
     </span>
     <span class='ocr_line' id='line_1_28' title="bbox 62 1949 1324 1999; baseline -0.017 0"><span class='ocrx_word' id='word_1_243' title='bbox 62 1978 162 1999; x_wconf 82' lang='lat' dir='ltr'>rerum</span> <span class='ocrx_word' id='word_1_244' title='bbox 184 1963 422 1996; x_wconf 84' lang='lat' dir='ltr'>memorabilium,</span> <span class='ocrx_word' id='word_1_245' title='bbox 447 1961 516 1990; x_wconf 88' lang='lat' dir='ltr'>inde</span> <span class='ocrx_word' id='word_1_246' title='bbox 534 1958 677 1989; x_wconf 86' lang='lat' dir='ltr'>breviatas</span> <span class='ocrx_word' id='word_1_247' title='bbox 699 1956 866 1987; x_wconf 78' lang='lat' dir='ltr'>collectanea</span> <span class='ocrx_word' id='word_1_248' title='bbox 888 1954 933 1983; x_wconf 90' lang='lat' dir='ltr'>vel</span> <span class='ocrx_word' id='word_1_249' title='bbox 950 1951 1156 1983; x_wconf 80' lang='lat' dir='ltr'>memorabilia.</span> <span class='ocrx_word' id='word_1_250' title='bbox 1195 1949 1324 1979; x_wconf 81' lang='lat' dir='ltr'>admira-</span> 
     </span>
     <span class='ocr_line' id='line_1_29' title="bbox 64 1999 1325 2057; baseline -0.017 -8"><span class='ocrx_word' id='word_1_251' title='bbox 64 2019 165 2049; x_wconf 82' lang='lat' dir='ltr'>bilium</span> <span class='ocrx_word' id='word_1_252' title='bbox 187 2015 343 2057; x_wconf 84' lang='lat' dir='ltr'>appellatio</span> <span class='ocrx_word' id='word_1_253' title='bbox 366 2012 458 2044; x_wconf 86' lang='lat' dir='ltr'>semel</span> <span class='ocrx_word' id='word_1_254' title='bbox 491 2021 505 2041; x_wconf 87' lang='lat' dir='ltr'>a</span> <span class='ocrx_word' id='word_1_255' title='bbox 530 2010 681 2040; x_wconf 86' lang='lat' dir='ltr'>Prisciano</span> <span class='ocrx_word' id='word_1_256' title='bbox 705 2011 845 2046; x_wconf 83' lang='lat' dir='ltr'>usurpata</span> <span class='ocrx_word' id='word_1_257' title='bbox 876 2011 905 2035; x_wconf 86' lang='lat' dir='ltr'>et</span> <span class='ocrx_word' id='word_1_258' title='bbox 927 2004 1028 2034; x_wconf 86' lang='lat' dir='ltr'>similis</span> <span class='ocrx_word' id='word_1_259' title='bbox 1052 2012 1103 2038; x_wconf 89' lang='lat' dir='ltr'>ea,</span> <span class='ocrx_word' id='word_1_260' title='bbox 1133 2010 1220 2039; x_wconf 89' lang='lat' dir='ltr'>qnam</span> <span class='ocrx_word' id='word_1_261' title='bbox 1251 1999 1325 2028; x_wconf 89' lang='lat' dir='ltr'>liber</span> 
     </span>
     <span class='ocr_line' id='line_1_30' title="bbox 64 2050 1325 2104; baseline -0.018 -3"><span class='ocrx_word' id='word_1_262' title='bbox 64 2071 96 2100; x_wconf 91' lang='lat' dir='ltr'><em>N</em></span> <span class='ocrx_word' id='word_1_263' title='bbox 113 2069 201 2100; x_wconf 83' lang='lat' dir='ltr'>habet</span> <span class='ocrx_word' id='word_1_264' title='bbox 222 2068 391 2104; x_wconf 84' lang='lat' dir='ltr'>habentque</span> <span class='ocrx_word' id='word_1_265' title='bbox 415 2063 481 2094; x_wconf 91' lang='lat' dir='ltr'>libri</span> <span class='ocrx_word' id='word_1_266' title='bbox 502 2061 686 2092; x_wconf 88' lang='lat' dir='ltr'>recentiores</span> <span class='ocrx_word' id='word_1_267' title='bbox 706 2058 855 2099; x_wconf 85' lang='lat' dir='ltr'>permulti,</span> <span class='ocrx_word' id='word_1_268' title='bbox 879 2059 1086 2094; x_wconf 76' lang='lat' dir='ltr'>argumentum</span> <span class='ocrx_word' id='word_1_269' title='bbox 1111 2052 1203 2090; x_wconf 83' lang='lat' dir='ltr'>magis</span> <span class='ocrx_word' id='word_1_270' title='bbox 1227 2050 1325 2089; x_wconf 85' lang='lat' dir='ltr'>operis</span> 
     </span>
     <span class='ocr_line' id='line_1_31' title="bbox 66 2100 1324 2158; baseline -0.017 -8"><span class='ocrx_word' id='word_1_271' title='bbox 66 2120 223 2150; x_wconf 86' lang='lat' dir='ltr'>enuntiant</span> <span class='ocrx_word' id='word_1_272' title='bbox 244 2128 332 2158; x_wconf 91' lang='lat' dir='ltr'>quam</span> <span class='ocrx_word' id='word_1_273' title='bbox 356 2117 493 2147; x_wconf 86' lang='lat' dir='ltr'>indicem.</span> <span class='ocrx_word' id='word_1_274' title='bbox 526 2113 711 2153; x_wconf 77' lang='lat' dir='ltr'>polyhistoris</span> <span class='ocrx_word' id='word_1_275' title='bbox 727 2111 855 2148; x_wconf 88' lang='lat' dir='ltr'>denique</span> <span class='ocrx_word' id='word_1_276' title='bbox 879 2107 997 2138; x_wconf 85' lang='lat' dir='ltr'>titulum</span> <span class='ocrx_word' id='word_1_277' title='bbox 1014 2103 1210 2143; x_wconf 83' lang='lat' dir='ltr'>interpolator</span> <span class='ocrx_word' id='word_1_278' title='bbox 1226 2100 1324 2130; x_wconf 88' lang='lat' dir='ltr'>libello</span> 
     </span>
    </p>
   </div>
   <div class='ocr_carea' id='block_1_4' title="bbox 66 2150 1323 2245">
    <p class='ocr_par' dir='ltr' id='par_1_9' title="bbox 66 2150 1323 2245">
     <span class='ocr_line' id='line_1_32' title="bbox 66 2150 1323 2210; baseline -0.016 -8"><span class='ocrx_word' id='word_1_279' title='bbox 66 2171 221 2210; x_wconf 80' lang='lat' dir='ltr'>imposuit,</span> <span class='ocrx_word' id='word_1_280' title='bbox 252 2179 319 2199; x_wconf 88' lang='lat' dir='ltr'>nam</span> <span class='ocrx_word' id='word_1_281' title='bbox 342 2169 431 2198; x_wconf 89' lang='lat' dir='ltr'>unico</span> <span class='ocrx_word' id='word_1_282' title='bbox 455 2167 521 2196; x_wconf 85' lang='lat' dir='ltr'>loco</span> <span class='ocrx_word' id='word_1_283' title='bbox 545 2163 689 2194; x_wconf 86' lang='lat' dir='ltr'>Prisciani</span> <span class='ocrx_word' id='word_1_284' title='bbox 713 2161 906 2192; x_wconf 82' lang='lat' dir='ltr'>diffidendum</span> <span class='ocrx_word' id='word_1_285' title='bbox 930 2167 993 2188; x_wconf 84' lang='lat' dir='ltr'>esse</span> <span class='ocrx_word' id='word_1_286' title='bbox 1017 2166 1106 2196; x_wconf 82' lang='lat' dir='ltr'>snpra</span> <span class='ocrx_word' id='word_1_287' title='bbox 1129 2164 1158 2193; x_wconf 84' lang='lat' dir='ltr'>p.</span> <span class='ocrx_word' id='word_1_288' title='bbox 1184 2150 1323 2182; x_wconf 77' lang='lat' dir='ltr'>LXXXIX</span> 
     </span>
     <span class='ocr_line' id='line_1_33' title="bbox 120 2213 1120 2245; baseline -0.007 -1"><span class='ocrx_word' id='word_1_289' title='bbox 120 2224 209 2245; x_wconf 86' lang='lat' dir='ltr'>Solinus</span> <span class='ocrx_word' id='word_1_290' title='bbox 1103 2213 1120 2237; x_wconf 78' lang='lat' dir='ltr'>g</span> 
     </span>
    </p>
   </div>
  </div>
 </body>
</html>
