1593 2409
747 115 765 142 5

40 211 96 232 ian.
135 206 148 230 1
171 200 311 231 diderunt
338 202 367 231 in
397 202 543 232 honorem
567 202 702 237 Saturni,
735 211 821 240 quem
852 202 995 232 cultorem
1020 202 1150 240 regionis
1174 202 1251 232 illius
1275 212 1387 241 cogno-

138 258 153 282 2
174 257 278 282 verant
301 253 438 283 extitisse.
477 253 564 283 iidem
588 258 616 282 et
639 257 770 282 montem
795 253 993 292 Capitolinum
1018 253 1190 283 Saturnium
1214 255 1386 284 nominave-

137 309 151 333 3
174 308 255 333 runt.
294 305 402 334 castelli
428 314 547 343 quoque
570 305 649 343 quod
673 304 876 333 excitaverunt
898 308 1015 342 portam
1039 305 1261 343 appellaverunt
1284 306 1386 335 Satur·
1409 302 1438 340 1,
1464 304 1502 335 13

137 361 152 385 4
176 356 270 392 niam,
305 366 381 395 quae
415 356 603 395 postmodum
634 356 770 384 Pandana
806 355 928 384 vocitata
965 359 1017 384 est.
1066 364 1135 394 pars
1169 356 1256 386 etiam
1285 357 1385 385 infima

137 413 151 436 5
175 407 332 446 Capitolini
362 408 471 437 montis
500 407 699 436 habitaculum
730 406 903 436 Carmentae
934 406 1003 441 suit,
1034 406 1083 435 ubi
1112 407 1275 436 Carmentis
1305 417 1386 436 nunc

137 464 152 487 6
174 459 275 488 sanum
305 463 366 494 est,
396 467 411 487 a
440 467 496 497 qua
521 457 695 488 Carmentali
720 462 823 496 portae
848 467 957 487 nomen
982 458 1091 487 datum.
1130 459 1272 488 Palatium
1297 468 1384 488 nemo
1411 458 1449 487 14

138 517 152 540 7
175 510 351 541 dubitaverit
379 509 450 547 quin
474 508 602 538 Arcadas
630 508 735 537 habeat
758 512 910 544 auctores,
941 518 955 537 a
986 509 1093 547 quibus
1116 510 1245 548 primum
1269 510 1384 538 Pallan-

137 570 151 591 ε
173 567 253 592 teum
288 561 428 601 oppidum
463 560 629 590 conditum:
665 559 743 597 quod
778 559 956 598 aliquamdiu
990 560 1168 599 Aborigines
1204 561 1385 597 habitarunt,

137 618 151 642 9
174 617 295 652 propter
307 612 528 642 incommodum
541 611 653 641 vicinae
666 611 791 650 paludis,
808 620 894 649 quam
907 613 1122 650 praeterfluens
1134 612 1249 642 Tiberis
1265 614 1384 647 fecerat,

124 669 151 694 10
173 664 298 703 profecti
311 664 401 693 Reate
413 663 601 702 postmodum
618 663 812 700 reliquerunt.
836 668 906 692 sunt
922 663 971 701 qui
989 664 1078 693 velint
1095 673 1110 692 a
1126 664 1271 693 balatibus
1287 664 1385 693 ovium
1411 663 1448 692 15

124 721 150 745 11
173 719 282 745 mutata
298 715 403 750 littera,
421 715 464 743 vel
481 723 496 743 a
515 714 581 743 Pale
598 713 735 752 pastorali
753 713 816 748 dea,
840 718 890 742 aut
906 718 938 743 ut
954 714 1072 744 Silenus
1088 715 1194 754 probat
1210 725 1225 744 a
1242 715 1383 744 Palantho

123 771 150 796 12
173 766 356 806 Hyperborei
385 766 459 801 filia,
490 774 578 804 quam
608 765 750 794 Hercules
779 765 817 794 ibi
845 766 1048 804 conpressisse
1078 767 1157 796 visus
1186 771 1244 802 est,
1274 775 1384 795 nomen

122 822 150 846 13
171 818 265 847 monti
289 817 469 857 adoptatum.

123 873 151 898 14
259 869 315 898 Sed
332 877 509 907 quamquam
526 868 580 897 ista
597 868 639 897 sic
655 872 832 906 congruant,
856 868 950 907 palam
968 874 1012 899 est
1028 878 1172 907 prospero
1196 868 1237 898 illi
1261 867 1384 905 augurio
1410 867 1447 897 16

123 925 150 949 15
173 920 274 950 deberi
304 920 427 959 gloriam
451 919 577 949 Romani
608 919 753 955 nominis,
783 920 907 949 maxime
939 929 1004 949 cum
1029 929 1176 949 annorum
1201 919 1274 949 ratio
1299 918 1386 948 faciat

123 977 151 1001 16
173 972 323 1001 cardinem
356 971 484 1000 veritati:
520 979 604 1005 nam,
639 975 671 999 ut
704 970 838 1000 adfirmat
871 971 962 1000 Varro
997 976 1100 1000 auctor
1133 970 1384 1009 diligentissimus,
1410 970 1447 999 17

123 1028 150 1052 17
172 1023 295 1052 Romam
320 1022 451 1052 condidit
474 1022 633 1056 Romulus,
666 1021 756 1051 Marte
781 1022 898 1060 genitus
922 1027 950 1051 et
972 1022 1032 1051 Rea
1057 1022 1159 1057 Silvia,
1184 1022 1227 1051 vel
1250 1026 1283 1050 ut
1307 1030 1384 1050 non-

123 1079 150 1103 15
173 1074 245 1103 nulli
274 1074 366 1103 Marte
396 1079 424 1103 et
446 1073 512 1102 Ilia:
543 1074 678 1112 dictaque
708 1074 836 1112 primum
866 1078 909 1102 est
932 1074 1023 1103 Roma
1053 1074 1209 1112 quadrata⁷
1240 1072 1319 1111 quod
1349 1072 1384 1101 ad

124 1130 151 1155 19
173 1125 380 1164 aequilibrium
410 1125 486 1154 soret
514 1125 618 1163 posita.
664 1134 696 1154 ea
726 1125 830 1163 incipit
852 1134 866 1153 a
891 1125 960 1153 silva
985 1134 1059 1163 quae
1083 1129 1127 1154 est,
1150 1125 1179 1154 in
1205 1133 1272 1153 area
1296 1123 1384 1162 Apol·
1411 1123 1448 1153 18

123 1182 150 1206 20
174 1177 251 1213 linis,
275 1181 303 1206 et
326 1176 361 1205 ad
384 1176 573 1214 supercilium
598 1176 740 1205 scalarum
766 1176 831 1206 Caci
855 1176 943 1205 habet
966 1176 1135 1211 terminum,
1160 1176 1210 1205 ubi
1233 1175 1384 1214 tugurium

123 1233 149 1256 21
172 1228 228 1256 fuit
247 1227 387 1256 Faustuli.
425 1227 464 1256 ibi
488 1227 631 1256 Romulus
656 1227 829 1264 mansitavit,
853 1228 903 1266 qui
928 1227 1078 1265 auspicato
1102 1236 1254 1256 murorum
1280 1226 1385 1255 funda-

122 1284 150 1307 22
171 1282 272 1308 menta
288 1278 357 1308 iecit
372 1278 572 1317 duodeviginti
597 1283 682 1308 natus
706 1288 811 1314 annos,
834 1278 873 1307 XI
897 1279 925 1307 k.
941 1278 1016 1313 Mai.⁷
1041 1278 1113 1307 hora
1136 1283 1203 1317 post
1225 1277 1384 1307 secundam

122 1335 149 1359 23
173 1334 240 1359 ante
270 1329 385 1359 tertiam
416 1326 573 1371 [plenam],
603 1330 680 1359 sicut
703 1329 735 1359 L.
760 1330 936 1360 Tarruntius
961 1329 1090 1368 prodidit
1111 1329 1385 1359 mathematicorum

122 1386 150 1409 24
173 1380 382 1417 nobilissimus,
398 1380 465 1410 Iove
480 1381 509 1410 in
528 1380 668 1419 piscibus,
692 1382 820 1411 Saturno
838 1381 954 1410 Venere
971 1381 1063 1410 Marte
1080 1380 1225 1410 Mercurio
1249 1381 1278 1410 in
1303 1390 1385 1410 scor-

210 1454 312 1482 RCNH
330 1455 431 1487 LM(B)
451 1455 524 1482 SAP

209 1505 232 1523 v.
255 1499 269 1523 6
290 1497 423 1523 Palatium
439 1512 469 1515 —
487 1500 502 1523 8
527 1498 663 1525 conditum
687 1498 845 1533 compilavit
864 1497 990 1524 Isidorus
1011 1501 1050 1530 15,
1070 1501 1094 1529 3,
1109 1501 1122 1524 5
1230 1501 1257 1524 11
1279 1498 1385 1524 Silenus

123 1538 225 1566 Μᾶῖἶεν
240 1540 281 1574 fr.
301 1539 362 1566 laist.
384 1539 428 1565 Gr.
448 1542 471 1571 3,
492 1542 547 1566 100.

212 1610 221 1633 1
249 1607 351 1634 honore
370 1607 406 1634 II
421 1607 548 1640 (Lamp)
611 1609 728 1635 cultores
748 1608 773 1635 R
833 1612 1002 1642 agnouerunt
1020 1610 1043 1635 A
1106 1612 1120 1635 2
1139 1610 1207 1635 idem
1226 1608 1384 1639 RCLBAP,

123 1650 186 1676 item
212 1649 291 1676 NHS
385 1651 539 1684 capitolium
563 1651 608 1678 SA
702 1654 717 1678 3
743 1652 908 1677 excitauerat
932 1654 955 1677 Α
1048 1655 1151 1685 portem
1175 1651 1205 1678 M
1296 1656 1384 1677 satur-

123 1701 185 1720 nam
204 1693 246 1719 Ha
355 1695 370 1718 4
393 1695 491 1719 uocata
510 1694 537 1719 H
646 1697 660 1720 5
685 1698 858 1725 carment(a)e
878 1695 940 1721 libre?
957 1698 1000 1726 (ae
1018 1695 1046 1721 in
1065 1695 1148 1721 litura
1167 1694 1212 1726 L),
1236 1694 1385 1720 Carmentis

123 1734 206 1762 Salm.
260 1737 323 1761 ante
346 1736 392 1762 ubi
415 1736 470 1767 (ubi
495 1739 522 1762 et
539 1737 571 1764 Α)
600 1737 649 1763 ins.
672 1737 828 1763 habitaculo
849 1738 992 1764 carmentis
1011 1744 1097 1770 aquae
1116 1737 1287 1763 carmentalis
1307 1739 1385 1769 porta

123 1778 196 1805 dicta
214 1777 246 1804 M
314 1780 328 1804 6
354 1777 455 1809 datum]
479 1778 571 1805 datum
595 1781 636 1806 est
655 1779 790 1806 CA'2SAP
859 1783 871 1805 7
897 1780 1010 1806 arcades
1029 1782 1051 1806 Α
1122 1780 1268 1813 pallantem
1286 1779 1319 1806 M

124 1823 138 1847 8
159 1820 295 1847 conditum
315 1829 366 1847 om.
385 1820 407 1846 L
507 1821 540 1847 ab
560 1822 662 1854 origine
681 1821 726 1848 SA
833 1822 999 1854 habitarunt]
1019 1822 1117 1854 NLS,
1136 1822 1329 1849 habitauerunt
1350 1822 1384 1855 H,

123 1863 282 1890 habitarunt
300 1865 326 1889 et
344 1862 400 1895 Rc,
419 1863 571 1890 habitatum
589 1864 724 1893 il‘2MBP,
741 1865 877 1891 habitauit
894 1867 917 1891 A
988 1868 1002 1891 9
1022 1867 1139 1899 praeter]
1159 1867 1269 1899 propter
1287 1864 1317 1890 H

126 1908 155 1932 10
174 1907 233 1932 rate
246 1906 280 1938 R,
299 1905 400 1932 reatiae
417 1905 451 1932 M
503 1909 530 1932 11
552 1908 613 1940 pela
632 1906 661 1933 M
714 1910 744 1933 ut
761 1915 812 1933 om.
831 1907 891 1933 ΗΜ
940 1915 956 1933 a
975 1916 1027 1933 om.
1048 1907 1078 1933 C¹
1131 1907 1261 1941 palantha
1281 1906 1333 1934 CS2

125 1950 156 1975 12
174 1948 385 1982 hobyrperperei
397 1948 432 1981 R,
450 1948 587 1983 yperbone
599 1949 630 1975 H
698 1949 826 1976 herenius
839 1949 870 1975 M
943 1952 971 1975 14
990 1950 1029 1976 ita
1042 1950 1068 1976 Ρ
1138 1953 1167 1976 15
1187 1949 1290 1976 deberit
1303 1949 1335 1975 M

123 1998 145 2017 r.
163 1998 189 2018 n.
208 1991 242 2024 gl.
262 1989 312 2016 III
325 1990 395 2023 (ΑΡ)
486 1994 514 2018 115
533 1992 656 2018 ueritatis
676 1992 698 2018 C
784 1995 812 2018 17
832 1994 919 2019 marte
936 2000 960 2025 g.
980 1994 1065 2034 matre
1084 1992 1112 2018 H
1204 1993 1259 2025 rea]
1279 1991 1384 2023 RCNS,

123 2041 190 2068 rhea
213 2041 302 2074 LAP,
326 2042 377 2069 hea
400 2042 473 2074 HM,
496 2043 562 2069 hera
585 2043 612 2069 B
728 2046 758 2069 ut
780 2051 832 2069 om.
852 2043 894 2069 Ha
1013 2047 1043 2069 18
1066 2044 1180 2077 primum
1205 2045 1255 2074 est]
1278 2046 1319 2069 est
1343 2051 1383 2076 pr.

125 2083 174 2111 Rc
259 2087 290 2110 19
315 2085 492 2118 aequilibrum
513 2084 564 2112 CM
648 2085 744 2119 incipit
766 2088 790 2117 a]
810 2086 838 2111 in
857 2085 942 2119 cipria
960 2086 990 2111 H
1075 2089 1106 2112 *20
1125 2086 1250 2118 tugirium
1270 2084 1302 2111 M

126 2128 155 2152 21
176 2126 318 2160 auspicatu
331 2126 363 2153 M
415 2130 446 2154 22
466 2128 543 2154 annis
556 2127 606 2154 RC
656 2127 805 2154 seeundum
818 2128 849 2154 Η
900 2130 931 2154 23
950 2128 1066 2162 plenam]
1087 2127 1278 2160 Jl(LMBP²)‚
1297 2136 1348 2154 oni.
1370 2127 1385 2153 I

125 2168 302 2200 (RCNSAP¹‚
321 2170 365 2195 uel
378 2170 415 2201 H)
468 2170 555 2197 lucius
570 2169 745 2201 NL²MSAP‚
764 2179 815 2198 οηι..
836 2170 1010 2200 RCHLwB
1064 2170 1222 2201 tarruntius]
1246 2169 1383 2199 a‘LMSA,

126 2210 265 2237 taruncius
284 2211 332 2243 B2,
351 2213 499 2239 tarrantius
519 2213 552 2245 R,
572 2213 711 2239 arruntius
732 2212 793 2246 HP,
811 2214 943 2240 terentius
964 2213 1011 2244 5¹,
1031 2221 1081 2239 om.
1103 2214 1124 2238 C
1190 2213 1281 2246 prodit
1300 2212 1327 2238 H
