1593 2409
8 1140 11 1234 ,Λ-ΫᾸ
7 1092 9 1114 -
0 559 10 930 W„—⁴-⁴—h-—‹⁴N*s
3 470 8 523 ἡ.

19 1093 27 1290 ,Ν

327 689 357 726 1.
396 689 604 727 AVCTOR
631 691 700 727 ET
727 689 1128 729 AVCTORITATES

192 774 222 805 G.
248 774 320 805 Iulii
345 774 441 805 Solinz‘
474 775 527 804 tria
563 776 682 805 nomina
712 777 798 815 plena
831 777 919 807 habet
954 778 1045 807 codex
1078 779 1178 809 classis
1208 781 1566 812 secundaeAuctorisuomjna.

102 826 137 855 M
157 831 216 855 tam
241 826 271 855 in
296 826 491 865 inscriptione
520 827 587 856 libri
617 837 704 865 quam
734 827 763 857 in
794 828 1014 867 subscriptione
1044 830 1176 860 laterculi
1209 831 1360 869 praemissi

101 877 221 916 reliquis
245 877 375 908 eiusdem
400 878 499 908 classis
522 878 604 908 libris
627 883 678 908 aut
700 879 809 908 mutilis
832 884 882 908 aut
905 880 1034 910 auctoris
1058 881 1179 910 nomine
1203 882 1360 912 destitutis.

101 928 201 958 eadem
222 928 277 958 tria
295 929 414 958 nomina
432 934 599 967 agnoscunt
622 929 687 958 libri
712 930 824 960 ordinis
841 931 918 960 tertii
943 940 1055 961 omnes.
1101 932 1210 963 Iullum
1227 933 1360 963 Solz'num

100 984 251 1009 auctorem
281 980 430 1019 appellant
461 980 527 1010 libri
558 980 670 1009 ordinis
700 981 787 1019 primi
822 981 851 1010 in
882 981 1101 1021 subscriptione
1132 993 1234 1013 omues
1265 984 1362 1023 (CNII

99 1030 254 1060 deficiente
264 1030 301 1068 R)
315 1031 444 1070 itemque
453 1031 622 1061 Aldlielmus
635 1031 777 1061 etDIcuil.
803 1033 955 1071 epistulae,
969 1043 1044 1072 quae
1056 1035 1248 1073 praefationis
1261 1036 1358 1064 locum

100 1080 224 1116 obtinet,
248 1081 313 1111 libri
331 1081 403 1112 boni
420 1092 524 1112 omnes
540 1086 662 1121 excepto
681 1092 740 1112 uno
758 1083 789 1113 H
801 1084 896 1113 solum
913 1084 1009 1115 Solz'nz'
1024 1086 1197 1116 vocabulum
1216 1087 1359 1125 praescri-

100 1132 183 1162 bunt.
210 1133 338 1171 denique
351 1133 500 1163 Romanae
513 1134 615 1163 aetatis
627 1138 762 1163 auctores
779 1135 827 1173 qui
842 1135 976 1165 Solinum
990 1136 1109 1167 laudant
1126 1147 1229 1168 omnes
1246 1138 1359 1167 Genea-

98 1183 183 1221 logus
206 1193 231 1213 a.
249 1185 310 1215 455
335 1184 501 1214 Priscianus
530 1185 659 1215 Isidorus
686 1185 781 1214 solum
809 1195 975 1224 cognomen
1006 1193 1134 1226 ponunt.
1164 1206 1205 1210 —
1236 1189 1359 1218 Temere

99 1235 221 1264 omnino
245 1236 373 1265 coniecit
397 1235 526 1266 Valesius
556 1236 602 1274 (ad
628 1237 753 1266 Dionem
778 1239 827 1272 74,
846 1238 876 1275 S)
906 1243 1057 1269 auctorem
1087 1240 1175 1270 huius
1205 1239 1271 1269 libri
1296 1250 1359 1270 esse

100 1286 282 1315 nominatum
313 1296 328 1316 a
352 1287 446 1316 Dione
476 1287 604 1325 (7212.
630 1289 678 1323 74,
695 1288 725 1324 2)
760 1288 864 1318 Iulium
889 1289 1029 1319 Solonem
1059 1290 1177 1321 infimae
1209 1291 1360 1330 dignitatis

97 1341 265 1367 senatorem
289 1347 405 1368 caesum
427 1338 526 1368 Severi
548 1339 628 1368 iussu
646 1348 670 1368 a.
690 1340 759 1370 193.
804 1339 882 1369 inter
911 1350 1054 1379 personas
1078 1342 1264 1372 honestiores
1281 1343 1358 1372 Soli-

99 1398 170 1418 num
197 1398 364 1427 cognomen
389 1390 524 1428 equidem
550 1400 608 1419 non
634 1390 815 1429 deprehendi
845 1395 874 1420 et
903 1392 1060 1422 admodum
1086 1402 1186 1423 rarum
1216 1399 1259 1423 est
1282 1394 1358 1432 apud

98 1439 231 1478 plebeios
260 1450 394 1479 quoque:
424 1441 575 1470 invenitur
602 1446 699 1470 tamen
734 1441 763 1471 C.
793 1441 887 1472 Iulius
916 1443 1035 1473 Solinus
1064 1444 1092 1473 in
1126 1445 1211 1474 titulo
1244 1446 1357 1474 Asturi-

98 1491 206 1521 ricensi
223 1491 253 1523 C.
268 1491 288 1521 l.
304 1492 334 1521 L.
348 1491 382 1526 11,
396 1493 488 1527 2650,
506 1492 622 1521 Solinus
644 1492 721 1522 nude
738 1493 766 1521 in
782 1493 955 1523 Britannico
969 1494 998 1524 C.
1013 1495 1072 1530 VII,
1086 1497 1122 1526 31
1143 1501 1171 1525 et
1186 1496 1214 1525 in
1233 1497 1358 1526 vasculis

98 1542 128 1571 C.
153 1542 212 1577 Vll,
239 1544 329 1577 1331,
349 1545 417 1574 104.
444 1544 534 1578 1336,
555 1544 645 1574 1081.
667 1544 756 1574 1082.
780 1544 841 1578 XII,
861 1545 954 1580 5686,
972 1547 1042 1576 847.
1073 1564 1114 1568 —
1147 1547 1357 1577 Grammaticus-

97 1597 200 1623 auctor
213 1593 319 1624 dicitur
331 1595 359 1624 in
375 1594 594 1633 subscriptione
606 1594 749 1623 librorum
763 1595 899 1625 classium
913 1597 1059 1626 secundae
1073 1602 1102 1626 et
1115 1598 1227 1633 tertiae,
1245 1603 1357 1636 potest-

98 1652 155 1682 que
178 1644 334 1683 appellatio
358 1655 390 1675 ea
415 1645 562 1685 proticisci
586 1651 635 1675 aut
652 1646 687 1675 ab
711 1651 831 1675 auctore
855 1647 918 1685 ipso
943 1652 993 1676 aut
1016 1657 1031 1676 a
1055 1648 1174 1678 librario
1199 1658 1356 1687 aequaevo,

97 1699 129 1724 ut
152 1695 291 1725 Prisciani
315 1697 450 1726 laudibus
473 1697 501 1726 in
524 1697 710 1727 Anastasium
739 1697 941 1736 subscriptum
965 1703 1008 1728 est
1035 1695 1136 1730 ‘dictae
1163 1710 1181 1730 a
1206 1700 1356 1731 Prisciano

96 1744 300 1785 grammatico'
333 1753 362 1777 et
397 1748 535 1777 librarius
570 1749 700 1787 aequalis
736 1749 790 1778 arti
825 1750 1031 1788 grammaticae
1067 1751 1130 1781 eius
1165 1751 1358 1781 subscribens

97 1807 165 1828 eum
189 1799 317 1838 appellat
339 1799 597 1839 eloquentissimum
620 1801 844 1838 ¹qrammaticum
867 1801 1008 1831 doctorem
1033 1812 1129 1834 suum.
1175 1813 1247 1833 sane
1271 1804 1357 1833 scho-

97 1849 228 1879 lasticum
253 1851 349 1888 arguit
371 1850 488 1880 libellus
518 1850 688 1886 universus,
718 1851 830 1881 scilicet
853 1852 1003 1881 hominem
1028 1854 1076 1892 qui
1102 1858 1195 1883 totum
1220 1864 1251 1884 se
1274 1853 1358 1884 libris

98 1910 195 1939 neque
223 1901 257 1930 iis
286 1901 385 1931 multis
415 1901 591 1940 manciparit
621 1911 675 1931 nec
711 1902 870 1941 quicquam
907 1913 1046 1942 umquam
1076 1905 1139 1944 ipse
1169 1906 1358 1944 conspicatus

97 1956 269 1991 expertusve
299 1952 350 1982 sit:
389 1962 449 1982 non
488 1952 608 1992 indigna
639 1953 686 1983 tali
716 1959 835 1984 auctore
865 1955 1023 1994 praecipua
1053 1956 1205 1986 admiratio
1237 1957 1356 1986 fascium

96 2003 215 2033 domum
240 2004 416 2043 professoris
446 2004 564 2043 pulsare
595 2004 755 2034 veritorum
785 2006 971 2044 (c.1,122).
1023 2012 1051 2037 at
1081 2008 1117 2037 de
1148 2017 1180 2037 ea
1205 2017 1236 2037 re
1262 2017 1358 2046 noque

97 2055 256 2093 quicquam
280 2059 361 2085 certo
386 2055 454 2085 sciri
476 2060 575 2094 potest
598 2065 654 2086 nec
678 2057 803 2086 multum
827 2057 960 2087 interest.

181 2105 340 2143 Adventus,
369 2107 454 2137 cuius
477 2107 606 2137 nominis
628 2107 690 2137 viro
715 2113 818 2138 auctor
841 2108 972 2138 libellum
996 2109 1155 2149 inscripsit,
1180 2119 1345 2149 cognomen
1362 2116 1483 2139 Adventus

96 2160 140 2185 est
163 2165 223 2186 non
248 2157 388 2195 frequens
411 2162 441 2187 et
463 2167 615 2189 servorum
640 2159 701 2189 sere
729 2159 771 2198 (C.
788 2159 809 2188 I.
828 2159 858 2188 L.
885 2160 958 2195 VIII,
976 2161 1067 2192 3288.
1086 2162 1179 2192 3291.
1205 2161 1237 2197 X,
1257 2162 1351 2199 6575)
