1593 2409
664 92 742 119 XVII

75 195 134 216 nen
159 185 261 220 Diana,
285 183 319 213 ad
344 182 468 212 Pitanen
494 180 639 211 Arcesilas
662 180 702 209 ibi
727 183 823 214 natus,
846 178 880 207 ad
902 177 1033 216 Thyreas
1057 184 1155 214 pugna
1180 174 1258 203 inter
1280 173 1337 203 La-

75 246 166 267 cones
190 240 218 265 et
234 235 366 274 Argivos.
403 233 526 264 similem
551 232 697 261 rationem
721 231 799 260 inter
817 230 950 259 Pliniana
974 233 1003 257 et
1019 226 1170 257 Soliniana
1194 225 1331 264 persequi
1355 232 1420 253 Plinii
1435 232 1528 252 naturae

75 288 143 318 licet
165 296 258 326 usque
282 287 316 315 ad
342 296 370 325 p.
389 287 438 319 57,
456 287 484 315 7.
501 299 542 305 -—
560 283 641 318 Quae
665 282 714 321 qui
738 282 832 321 probe
856 279 1040 319 expenderit,
1064 278 1151 308 simul
1168 277 1335 306 universam
1347 266 1475 326 3333}
1486 265 1545 319 (ἵξετ’,

76 339 220 369 Soliniani
251 338 350 377 operis
383 341 515 365 naturam
540 340 568 364 et
591 335 737 373 originem
760 332 884 362 tenebit.
929 330 1063 370 pendent
1087 329 1204 367 quidem
1229 328 1335 357 collec-
1346 340 1402 355 mam
1416 333 1507 354 redacta
1522 336 1545 354 et

76 395 161 420 tanea
190 394 250 419 tota
280 399 295 418 a
320 388 414 418 Plinio
447 396 502 416 nec
525 386 618 416 solum
643 384 795 414 materiem
820 382 889 412 inde
912 382 1086 421 pleramque
1109 384 1263 409 traxerunt
1286 379 1335 408 sed
1402 369 1467 389 aucta

75 441 164 471 etiam
198 439 415 480 quodammodo
451 437 550 476 operis
578 437 715 465 sormam:
752 439 781 464 at
810 433 951 463 exhibent
981 432 1113 461 Pliniana
1146 440 1207 459 non
1241 430 1336 468 qualia

77 493 204 531 primum
229 491 405 531 prodierunt
434 488 590 527 qualiaque
615 496 669 517 nos
693 496 725 516 ea
754 485 894 524 legimus,
925 483 974 513 sed
1008 486 1093 513 aucta
1124 481 1261 512 subinde.
1301 481 1339 510 ita

78 545 187 574 sactum
211 549 264 578 est,
287 547 319 572 ut
342 551 374 571 ea
399 549 518 579 quoque
546 538 707 574 Soliniana,
733 546 807 576 quae
836 546 896 566 non
925 536 1067 573 leguntur
1095 533 1172 573 apud
1202 532 1340 567 Plinium,

78 596 156 625 inter
185 594 319 624 Pliniana
355 591 543 631 reperiantur
580 589 622 619 sic
652 589 778 624 inserta,
810 592 842 618 ut
874 587 978 617 eodem
1011 595 1088 616 nexu
1120 589 1149 614 et
1178 584 1260 623 quasi
1292 593 1341 613 eo-

77 646 144 676 dem
174 645 278 685 spiritu
310 643 523 674 contineantur
551 641 627 679 (vide
660 640 738 670 inter
761 639 815 669 alia
843 638 933 668 multa
961 647 990 677 p.
1020 639 1068 673 15,
1094 637 1208 670 4-16,
1235 637 1261 665 1.
1294 635 1341 670 18,

79 696 226 733 15—19),
255 696 383 734 denique
413 694 500 723 etiam
532 693 562 722 in
594 692 644 727 iis,
676 700 750 730 quae
780 700 840 720 non
865 690 955 729 petita
979 693 1050 719 sunt
1074 698 1108 717 ex
1132 687 1228 717 Plinio
1253 696 1340 725 quem

77 748 235 783 habemus,
263 747 355 777 nihilo
388 745 487 775 minus
515 744 692 784 plerumque
715 742 813 772 statim
841 745 998 780 appareat,
1029 740 1075 770 cui
1108 740 1174 769 loco
1206 738 1341 767 Pliniano

77 799 307 829 additamentum
342 798 377 827 de
413 806 470 835 quo
506 796 602 834 agitur
633 794 702 824 olim
733 794 878 823 adiectum
908 792 1007 821 suerit.
1061 801 1094 820 ex
1123 791 1177 820 hac
1213 790 1342 828 epitome

77 849 309 889 chorographica
342 848 474 878 Pliniana
511 846 629 876 aliunde
665 849 748 875 aucta
780 844 928 884 proficisci
958 842 1096 872 videntur
1134 851 1194 871 non
1226 845 1340 870 tantun]

77 902 272 932 additamenta
307 901 341 930 de
376 899 484 938 quibus
518 898 651 937 proxime
689 897 802 936 egimus
836 896 967 929 minora,
1013 894 1064 924 sed
1105 893 1190 923 etiam
1226 896 1342 931 sumpta

78 962 113 983 ex
143 952 216 982 Mela
251 960 385 991 quaeque
419 950 556 989 superius
590 958 625 978 ex
654 948 796 987 operibus
831 945 1088 984 chronographico
1126 949 1154 973 et
1183 944 1343 982 chorogra-

78 1004 166 1044 phico
201 1003 361 1043 deperditis
396 1001 596 1041 repetivimus.
630 1016 671 1021 -
705 999 835 1037 Apparet
868 1002 1021 1036 praeterea
1055 995 1223 1025 Plinianum
1262 995 1342 1024 illum

79 1056 158 1085 velut
190 1055 427 1084 continuatorem
462 1052 556 1081 taedio
588 1051 695 1090 opinor
725 1049 834 1079 laboris
872 1057 1047 1087 oppressum
1082 1056 1141 1076 non
1174 1046 1344 1085 pervenisse

80 1106 115 1136 ad
146 1115 212 1136 eum
243 1114 331 1144 quem
363 1104 417 1134 sibi
448 1106 645 1143 proposuerat
668 1103 766 1132 finem.
814 1109 881 1129 nam
907 1108 973 1129 cum
999 1107 1073 1137 opus
1097 1098 1134 1127 ita
1158 1098 1343 1132 instituisset,

81 1162 113 1187 ut
141 1156 348 1196 geographicis
376 1155 531 1185 maximam
556 1158 669 1193 partem
696 1162 730 1181 ex
754 1151 849 1181 Plinio
874 1151 1000 1189 sumptis
1023 1150 1167 1180 insereret
1190 1149 1250 1178 suis
1273 1148 1345 1178 locis

80 1213 218 1248 excerpta
250 1208 356 1238 selecta
387 1216 422 1236 ex
446 1205 588 1236 Plinianis
618 1204 701 1234 libris
731 1203 853 1241 reliquis
883 1202 1006 1240 aliisque
1037 1200 1225 1235 auctoribus,
1255 1204 1283 1229 et
1313 1200 1342 1229 in

82 1260 177 1289 Plinio
207 1259 337 1290 substitit
360 1262 428 1297 post
450 1257 558 1287 librum
582 1255 790 1289 undecimum,
823 1254 873 1292 qui
898 1257 942 1283 est
965 1253 1000 1282 de
1025 1252 1181 1282 arboribus
1205 1251 1344 1285 externis,

82 1310 197 1341 omissis
226 1311 348 1349 reliquis
375 1314 499 1348 excepto
524 1307 627 1337 ultimo
651 1307 686 1335 de
711 1305 852 1344 gemmis,
883 1309 911 1333 et
934 1304 1008 1334 Mela
1033 1313 1093 1333 non
1118 1312 1189 1333 usus
1213 1307 1257 1332 est
1278 1306 1344 1341 post

81 1373 110 1402 p.
147 1363 211 1398 186,
239 1364 285 1396 15,
318 1360 533 1400 chorographia
565 1359 655 1388 altera
685 1357 726 1386 uti
756 1356 841 1386 desiit
870 1365 898 1394 p.
933 1355 1003 1391 188,
1031 1357 1080 1391 10,
1111 1354 1239 1393 denique
1271 1363 1345 1392 opus

83 1413 371 1453 chronographieum
397 1421 462 1441 cum
488 1411 571 1440 initio
596 1411 625 1439 in
650 1413 734 1448 parte
758 1416 832 1446 quae
856 1412 900 1436 est
921 1407 956 1436 de
973 1407 1065 1436 Roma
1083 1410 1111 1435 et
1128 1405 1207 1434 Italia
1226 1405 1344 1434 insulis-

83 1474 141 1503 que
164 1465 286 1500 Italicis,
316 1464 386 1493 item
417 1464 446 1492 in
480 1460 642 1492 enarranda
668 1459 788 1489 Graecia
813 1464 841 1488 et
865 1458 1035 1487 Macedonia
1060 1457 1181 1486 adsidue
1205 1456 1345 1494 compila-

83 1516 171 1545 visset
200 1520 228 1544 et
252 1515 382 1553 origines
406 1514 522 1543 urbium
547 1520 711 1550 regumque
735 1510 856 1539 ordines
879 1509 1053 1539 staminibus
1076 1508 1137 1538 suis
1162 1517 1221 1537 non
1247 1507 1344 1536 indili-

84 1571 190 1605 genter
205 1566 388 1600 intexuisset,
412 1574 427 1594 a
445 1564 539 1603 capite
556 1565 615 1592 sere
632 1562 745 1591 decimo
762 1561 894 1599 seposuit
909 1570 965 1590 nec
984 1560 1038 1589 nisi
1057 1559 1132 1588 raris
1154 1558 1226 1588 locis
1242 1563 1344 1597 postea

84 1617 220 1657 inspexit.
255 1617 293 1647 ita
310 1617 416 1652 evenit,
434 1621 466 1645 ut
482 1625 556 1654 opus
573 1619 604 1644 ut
621 1623 680 1643 non
698 1613 862 1642 formosum
879 1620 1018 1650 superne,
1036 1611 1073 1640 ita
1091 1619 1151 1639 non
1169 1610 1255 1648 plane
1273 1618 1346 1638 con-

84 1668 288 1704 temnendum,
316 1668 344 1697 in
362 1668 472 1707 piscem
489 1667 605 1696 desinat
620 1664 732 1694 maenis
749 1663 847 1703 potius
864 1672 950 1701 quam
969 1662 1065 1692 mullis
1082 1660 1346 1690 adnumerandum.

170 1719 273 1749 Extitit
302 1720 391 1758 igitur
422 1723 488 1758 post
512 1717 657 1752 Plinium,
688 1715 738 1754 qui
768 1715 830 1744 eius
859 1719 981 1744 naturae
1005 1713 1156 1743 historiam
1182 1713 1215 1741 ad
1241 1712 1347 1741 choro·
1363 1716 1539 1742 Chorogmphiao

85 1771 224 1810 graphiae
254 1772 379 1801 formam
412 1770 560 1809 redigeret
589 1773 617 1798 et
640 1768 679 1797 ita
703 1767 849 1796 redactam
874 1765 1020 1804 excerptis
1043 1765 1169 1794 aliorum
1193 1768 1347 1792 auctorum
1359 1751 1552 1807 ἓὲἓιζέἒζςζρξὲ

86 1822 359 1861 chorographorum
391 1826 419 1851 et
455 1819 752 1858 chronographorum
784 1817 937 1856 ampliaret
974 1817 1062 1845 homo
1087 1825 1146 1845 non
1179 1815 1345 1853 indiligens,
1413 1820 1488 1840 unum.

86 1882 263 1912 quamquam
288 1883 348 1903 non
374 1873 473 1902 eadem
504 1871 654 1910 diligentia
686 1879 739 1909 per
762 1869 932 1898 universum
958 1867 1056 1906 operis
1079 1866 1236 1896 decursum
1268 1875 1347 1899 usus,

90 1928 119 1953 et
129 1924 238 1954 multae
252 1924 396 1954 lectionis.
426 1929 455 1953 at
467 1933 526 1953 non
544 1923 607 1961 ipse
620 1921 740 1951 Solinus
756 1920 886 1950 laborem
904 1928 969 1949 eum
987 1918 1122 1957 perfecit,
1140 1917 1229 1946 immo
1242 1917 1349 1946 choro-

89 1975 240 2014 graphiam
258 1976 335 2005 illam
354 1975 423 2005 satis
440 1974 542 2004 habuit
558 1974 585 2003 in
605 1973 752 2012 epitomen
772 1971 915 2010 redigere.
957 1970 1064 1999 adsunt
1080 1969 1158 1998 enini
1176 1972 1348 2007 argumenta

87 2031 183 2063 certa,
207 2027 275 2056 licet
298 2027 392 2056 adhuc
417 2035 476 2055 non
501 2025 570 2055 satis
593 2024 756 2057 intellecta,
787 2022 866 2051 unde
889 2021 998 2051 efficias
1022 2030 1088 2050 eum
1114 2020 1237 2054 librum,
1262 2027 1349 2057 quein

89 2086 143 2107 nos
164 2077 309 2107 habemus
333 2078 508 2117 inscriptum
532 2076 625 2105 Solini
650 2075 787 2109 nomine,
820 2073 888 2102 olim
913 2073 1042 2102 extitisse
1072 2073 1163 2100 forma
1189 2071 1298 2099 maiore
1323 2074 1350 2098 et

88 2127 236 2159 uberiore.
280 2129 419 2168 intellego
444 2128 567 2168 Appulei
592 2127 620 2157 in
645 2126 757 2156 floridis
780 2126 820 2163 (2,
840 2125 889 2161 12)
913 2124 1010 2153 locun]
1032 2124 1067 2152 de
1085 2122 1207 2161 psittaco
1225 2119 1349 2149 Pliniani
1374 2127 1407 2147 Ex
1421 2126 1537 2150 chorogra-

87 2180 150 2216 (10,
170 2181 239 2211 117.
258 2182 331 2217 119)
349 2185 376 2209 et
393 2180 535 2209 Soliniani
553 2180 593 2217 (p.
613 2180 682 2209 191.
696 2178 832 2210 8—192.
850 2177 876 2213 1)
901 2175 1090 2205 simillimum.
1130 2173 1164 2202 de
1190 2181 1245 2210 qua
1270 2171 1349 2200 simi·
1374 2161 1425 2187 l'hia
1439 2160 1541 2180 Pliniana

180 2233 185 2238 ⁴
1363 2196 1466 2221 excerpta
1484 2193 1542 2220 apud

140 2233 228 2254 Solinus
1125 2222 1142 2247 b
1384 2228 1524 2255 Appuleium.
