1593 2409
17 326 105 346 Solinus
119 325 169 351 quid

8 360 123 385 sumpserit
136 365 163 380 ex

64 394 127 415 Mela.

0 530 79 551 Solinus
86 529 136 555 quid
144 529 182 549 ad-

4 564 78 584 iecerit
92 564 118 584 de
133 569 179 583 suo.

0 734 80 754 Solinus
86 733 137 759 quid
143 733 184 753 ha-

0 768 62 789 >uerit
72 774 99 788 ex
109 768 185 787 aucto-

3 803 51 823 ibus
58 801 183 827 deperditis.

31 1957 187 1978 Clirouieorum

26 1991 185 2017 deperditorum

3 2026 125 2050 fragmenta
152 2030 197 2044 ser-

4 2061 55 2080 vata
79 2059 136 2084 apud
155 2059 196 2078 So-

67 2093 141 2113 linum,

810 75 834 100 X

195 166 254 195 bus.
284 182 324 187 ——
356 165 398 193 Ex
422 164 467 193 1115
489 163 657 192 luculenter
679 166 800 201 apparet
824 161 931 191 utilitas
960 160 1050 189 libelli
1075 159 1218 189 Soliniani
1243 169 1303 188 non
1329 163 1387 188 tam
1410 158 1444 187 ad

196 215 377 246 emendanda
400 215 488 244 verba
512 214 598 243 Plinii
625 222 710 252 quam
741 213 775 241 ad
799 212 878 249 leges
907 210 1118 250 recognitionis
1147 209 1334 239 stabiliendas
1363 209 1443 238 codi-

195 276 322 305 cumque
346 266 556 305 proprietatem
580 270 658 294 recte
682 263 900 294 aestimandam.

281 317 360 346 Alter
383 321 536 347 auctorum
559 325 574 344 a
599 315 699 345 Solino
723 314 935 347 adhibitorum,
965 321 1053 351 quem
1077 321 1132 341 nos
1154 320 1273 349 quoque
1295 310 1445 343 habemus,

195 369 268 398 Mela
291 373 342 398 est.
389 377 423 397 ex
447 367 508 396 eius
525 366 737 405 chorographia
755 374 828 404 quae
846 365 1000 403 excerpsit,
1024 363 1126 392 eodem
1144 362 1208 391 loco
1226 360 1359 390 habenda
1375 365 1442 390 sunt

194 424 280 458 atque
305 424 442 458 excerpta
460 418 591 448 Pliniana
614 426 670 446 nec
693 417 792 446 futuro
810 416 900 445 Melae
924 414 1104 453 recognitori
1129 411 1319 451 neglegenda,
1343 420 1443 449 quam-

195 480 281 509 quam
306 475 428 509 propter
451 469 593 498 ambitum
616 468 707 497 multo
732 467 877 496 minorem
903 466 990 505 longe
1014 464 1136 494 minoris
1160 463 1301 493 utilitatis.

281 521 421 550 Venimus
438 521 471 549 ad
496 529 528 549 ea
552 528 627 557 quae
650 518 737 547 habet
761 518 881 547 Solinus
905 527 1000 555 neque
1026 526 1060 545 ex
1088 515 1181 544 Plinio
1206 518 1322 552 sumpta
1350 522 1446 551 neque

196 582 230 601 ex
255 572 337 601 Mela.
383 572 488 600 horum
518 579 592 608 quae
622 569 727 598 adiecit
750 578 803 598 suo
827 568 947 606 ingenio
971 567 1133 605 excogitata
1157 572 1185 595 et
1208 566 1246 594 ita
1270 568 1446 602 comparata.

196 627 227 652 ut
250 627 347 661 pateat
370 626 492 661 propter
515 631 547 650 ea
571 621 678 649 librum
704 620 817 649 nullum
840 620 1005 658 inspectum
1025 628 1096 653 esse,
1120 627 1134 646 3
1153 616 1238 646 nobis
1262 616 1291 645 in
1316 614 1447 653 margine

196 675 308 712 signata
337 674 455 702 nomine
488 672 631 707 auctoris⁷
664 672 697 701 iis
728 671 800 701 nihil
825 670 946 700 omnino
977 669 1164 709 proficimus:
1195 667 1308 696 bonum
1340 667 1447 694 sactum

196 725 273 764 quod
299 725 369 753 haec
398 728 468 753 suut
490 732 647 762 perpauca.
677 740 717 744 —
750 722 771 750 E
796 723 945 751 contrario
975 731 1008 750 ea
1035 720 1142 758 quibus
1171 718 1377 756 adscripsimus
1400 720 1447 745 aut

197 777 289 815 ignoti
312 776 440 805 auctoris
464 780 562 804 uotam
587 778 637 803 aut
654 774 778 803 Pliniani
795 773 851 802 loci
868 773 954 807 aucti⁷
979 772 1066 809 digna
1083 776 1152 800 sunt
1175 778 1249 808 quae
1275 768 1354 798 omni
1380 776 1448 796 cura

198 827 411 866 expendantur,
436 825 463 855 id
486 825 564 864 quod
588 825 728 864 deinceps
744 825 856 854 facilius
879 824 942 853 fieri
967 822 1075 861 poterit
1097 821 1239 851 seiunctis
1263 821 1306 849 1115
1331 829 1345 847 a
1362 818 1449 848 meris

198 879 343 916 excerptis
371 877 525 912 Plinianis,
557 876 664 914 quibus
693 881 778 905 antea
808 874 1023 913 quodammodo
1054 873 1167 911 sepulta
1196 870 1338 901 iacebant.
1396 878 1450 898 nec

198 935 295 959 tamen
320 929 377 957 hoc
400 932 517 967 praesto
542 927 640 956 omnia
664 927 720 962 illa,
745 926 852 965 quibus
882 930 967 955 notae
990 933 1078 963 supra
1109 924 1201 952 dictae
1231 922 1381 960 appositae
1405 920 1450 949 in-

199 980 368 1015 veniuntur,
394 988 460 1008 vere
483 978 629 1017 proficisci
654 978 689 1006 ab
714 983 833 1006 auctore
850 977 1012 1015 deperdito.
1051 975 1140 1004 immo
1164 974 1252 1002 multa
1276 981 1379 1001 eorum
1403 976 1451 999 aut

200 1033 237 1061 ita
260 1031 389 1069 vulgaria
419 1034 504 1064 sunt,
535 1034 566 1059 ut
596 1028 711 1058 dubites
740 1033 838 1058 utrum
868 1027 1059 1057 scholasticus
1090 1035 1121 1054 ea
1152 1023 1320 1053 memoriter
1349 1026 1450 1060 protu-

200 1083 267 1112 lerit
296 1092 333 1111 an
364 1091 398 1111 ex
436 1080 511 1109 libro
547 1080 644 1117 aliquo
675 1079 787 1118 vulgari
816 1078 1050 1117 deprompserit,
1089 1080 1138 1105 aut
1173 1079 1299 1114 possunt
1327 1073 1451 1102 derivata

201 1142 264 1163 esse
293 1142 327 1162 ex
350 1132 420 1171 ipsis
445 1131 585 1161 Plinianis
608 1131 695 1160 modo
720 1135 829 1159 temere
853 1130 944 1159 auctis
968 1139 1001 1158 ex
1026 1128 1160 1166 ingenio,
1185 1126 1271 1155 modo
1296 1123 1453 1154 memoriae

201 1185 284 1223 lapsu
312 1183 435 1212 detortis
469 1187 497 1211 et
527 1182 667 1211 confusis.
717 1181 841 1219 exempli
875 1189 960 1209 causa
994 1180 1024 1208 in
1055 1179 1120 1207 loeo
1155 1178 1189 1206 de
1220 1176 1329 1205 Gauloe
1359 1173 1452 1203 insula

202 1244 227 1264 c.
245 1236 294 1270 29,
309 1235 326 1265 S
344 1234 377 1262 ad
395 1243 436 1269 ea,
457 1242 531 1271 quae
547 1233 582 1262 de
599 1232 808 1271 scorpionibus
824 1236 917 1261 terrae
935 1230 1108 1260 Gauloensis
1125 1229 1200 1258 iactu
1219 1226 1357 1257 necandis
1376 1224 1452 1264 apud

203 1285 329 1314 Plinium
353 1285 561 1323 grammaticus
576 1284 655 1322 legit,
679 1283 763 1312 facile
786 1283 821 1311 de
844 1292 897 1311 suo
921 1282 1028 1310 addere
1052 1280 1148 1320 potuit
1165 1280 1202 1309 ibi
1219 1281 1386 1316 serpentem
1412 1275 1454 1304 vi-

203 1346 270 1366 vere
298 1336 421 1371 nullum,
445 1335 636 1373 similiterque
654 1334 831 1363 aestimanda
849 1333 904 1362 erit
920 1332 1048 1361 narratio
1065 1332 1101 1360 de
1118 1331 1325 1360 Garamantum
1348 1335 1454 1356 venere

204 1398 228 1418 c.
245 1390 295 1423 30,
313 1388 341 1417 2.
358 1388 386 1417 3.
426 1387 511 1415 etiam
536 1395 609 1424 quae
633 1385 668 1414 de
684 1385 776 1414 lasere
793 1389 892 1413 narrat
907 1393 931 1413 c.
949 1384 999 1418 27,
1018 1383 1066 1414 48.
1086 1383 1124 1412 49
1141 1381 1281 1420 pleraque
1303 1378 1454 1416 desumpta

205 1448 268 1468 esse
299 1448 333 1467 ex
363 1438 449 1467 Plinii
480 1437 514 1466 de
544 1436 649 1465 ladano
680 1435 822 1465 relatione
850 1439 930 1464 recte
960 1434 1122 1463 observavit
1151 1431 1308 1461 Salmasius
1338 1428 1454 1468 p 249.

206 1494 368 1529 potuerunt
390 1489 460 1517 11300
484 1488 569 1517 etiam
594 1487 720 1516 inventis
743 1485 902 1515 Solini'anis
931 1485 1111 1523 excerptisve
1134 1482 1274 1519 Plinianis
1297 1479 1455 1510 adiudicari

206 1546 235 1570 et
257 1540 425 1569 debuerunt
447 1540 585 1568 fortasse:
610 1538 770 1567 modestius
793 1541 890 1566 tamen
915 1538 1007 1566 visum
1030 1540 1083 1570 est,
1108 1544 1175 1564 cum
1198 1532 1371 1572 praesertim
1395 1539 1454 1559 non

206 1592 486 1621 connnentariorum
510 1589 804 1623 conscribendorum,
834 1587 885 1617 sed
909 1592 1062 1616 auctorum
1089 1586 1118 1615 in
1143 1585 1274 1622 margine
1297 1581 1456 1612 laudando-

207 1652 273 1673 rum
303 1642 431 1671 officium
463 1641 532 1670 mihi
560 1640 764 1678 sumpsissem,
800 1638 1035 1677 quibuscumque
1066 1637 1137 1666 locis
1161 1635 1310 1665 Soliniana
1340 1631 1456 1670 longius

205 1694 392 1723 discederent
420 1702 434 1721 a
459 1691 601 1720 Plinianis
625 1694 783 1729 possetque
812 1689 933 1726 cogitari
963 1689 998 1717 de
1029 1688 1084 1717 alio
1115 1691 1235 1716 auctore
1258 1684 1397 1718 adhibito⁷
1422 1683 1457 1712 iis

206 1753 356 1783 apponere
390 1748 489 1772 notam
524 1742 652 1771 auctoris
686 1740 788 1779 ignoti.
841 1739 891 1769 sed
928 1744 960 1768 ut
993 1739 1091 1768 demas
1122 1746 1325 1776 quaecumque
1359 1735 1395 1764 ita
1427 1734 1455 1763 in

206 1796 286 1824 hunc
309 1794 416 1823 librum
444 1794 521 1823 illata
548 1802 610 1822 esse
638 1796 762 1831 possunt
788 1790 879 1820 sutilia
907 1794 935 1819 et
960 1789 1097 1828 vulgaria,
1130 1793 1242 1818 restant
1272 1797 1332 1816 non
1364 1795 1456 1824 pauca

207 1845 329 1874 omnino
366 1844 455 1883 petita
489 1854 523 1873 ex
565 1848 685 1873 auctore
722 1841 925 1873 auctoribusve
950 1841 1041 1870 vhodie
1079 1839 1237 1878 deperditis
1273 1845 1456 1875 nequaquam

206 1895 383 1935 spernenda.

295 1947 327 1976 In
352 1947 431 1976 hisce
456 1945 530 1975 veris
554 1949 707 1973 auctorum
731 1942 862 1981 reliquiis
885 1942 962 1981 apud
987 1952 1078 1972 unum
1098 1942 1231 1972 Solinum
1255 1940 1374 1970 servatis
1398 1949 1458 1969 ma—

208 1999 285 2028 xime
309 1998 421 2027 enitent
444 1996 565 2025 laciniae
590 1995 798 2024 chronicorum
822 1993 948 2031 optimae
965 1994 1075 2023 aetatis.
1118 2002 1217 2022 earum
1242 1997 1388 2030 tamquam
1414 1991 1459 2019 in-

208 2050 302 2079 dicem
325 2048 466 2088 proponit
488 2047 586 2076 tabula
609 2045 739 2075 subiecta
764 2045 896 2074 locorum
914 2044 1134 2074 Solin‘ianorum
1159 2053 1218 2073 non
1236 2043 1457 2081 desumptorum

208 2111 242 2130 ex
260 2101 354 2130 Plinio
371 2104 400 2129 et
417 2098 589 2128 habentium
605 2096 825 2126 adnotationem
843 2096 984 2134 temporis
1007 2095 1042 2124 ad
1066 2094 1361 2133 clu-onographorum
1386 2102 1459 2121 con—

208 2151 394 2182 suetudinem
417 2148 675 2179 accommodatam.
