1650 2446
154 577 165 601 1
193 560 426 602 CODIOVM
452 558 706 598 OLASSIVM
735 552 1010 593 SECVNDAE
1030 551 1099 588 ET
1119 547 1347 586 TERTIAE

153 638 167 662 2
451 615 834 658 ADDITAMENTA
862 610 1098 651 POTIORA.

311 725 488 760 Recepimeos
507 722 588 748 etiam
607 727 640 746 ea
660 720 732 751 loco,
757 724 827 752 quae
847 718 936 742 ulrum
957 714 1010 740 sint
1035 712 1158 739 auctoris
1180 718 1216 736 an
1234 707 1401 742 interpolata

312 769 371 795 iure
398 765 519 793 dubitari
542 765 642 799 polest.
670 777 698 780 —
731 758 863 787 Cancellis
888 757 1032 792 quadratis
1051 758 1074 787 []
1094 752 1289 789 comprehensa
1312 748 1404 776 Solimi

310 812 375 838 suut
398 809 440 837 vel
460 815 513 843 pro
534 805 686 833 Solinimzis
704 802 850 830 substituta
870 801 903 827 ab
923 802 1034 826 anctore
1052 797 1296 824 additamentorum
1317 791 1403 820 verbis

314 850 501 879 tantummodo
521 847 677 876 immutatis.

158 948 171 972 3
281 941 311 971 C.
342 942 523 975 (commenta
548 937 581 972 A)
606 934 660 964 luli
684 932 776 962 Solini
805 932 864 961 sive
887 928 1068 970 grammatici
1092 926 1259 966 Polyhistor
1281 924 1316 953 ab
1341 924 1403 962 ipso

156 1000 169 1024 4
193 993 289 1023 editus
324 996 353 1021 et
383 989 563 1028 recognitus.
613 986 687 1023 (add.
718 984 753 1013 de
784 983 840 1012 situ
872 981 952 1010 orbis
982 986 1126 1010 terrarum
1157 983 1186 1007 et
1215 976 1249 1006 de
1281 974 1405 1014 singulis

158 1052 170 1075 5
194 1043 380 1074 mirabilibus
403 1050 477 1080 quae
501 1040 530 1069 in
555 1037 666 1068 mundo
690 1035 838 1065 hahentur
862 1032 918 1069 SA)

158 1102 171 1126 G
281 1094 401 1125 Solinus
425 1092 557 1121 Adi-ento
580 1089 621 1126 (S.
639 1089 671 1118 Α.
696 1096 751 1117 om.
769 1086 812 1124 S).
836 1102 876 1106 —-
901 1084 1047 1119 Quoniam
1072 1081 1189 1120 quidam
1214 1076 1407 1118 inpatientius

159 1154 172 1177 7
196 1147 294 1186 potius
325 1153 412 1184 quam
443 1141 602 1172 studiosius
634 1138 811 1178 opusculum
840 1136 917 1175 quod
949 1133 1090 1164 moliebar
1119 1132 1230 1170 (-l›atur
1254 1129 1287 1167 S)
1314 1128 1406 1158 inter-

160 1204 174 1228 8
198 1198 296 1237 cipere
313 1198 515 1235 properarunt
536 1193 624 1230 idque
649 1190 799 1220 etiamtum
823 1187 982 1227 inpolitum
1005 1185 1088 1224 prius
1112 1184 1141 1213 in
1166 1182 1293 1212 medium
1318 1179 1407 1209 dede-

160 1255 174 1279 9
196 1253 276 1284 runt,
300 1256 387 1286 quam
413 1245 567 1275 inchoatae
591 1243 632 1272 rei
657 1250 771 1271 summa
795 1248 900 1268 manus
923 1238 1128 1276 inponeretur,
1153 1239 1181 1264 et
1204 1242 1285 1262 nunc
1308 1240 1407 1261 exem-

147 1307 174 1331 10
198 1299 329 1340 plaribus
364 1296 512 1335 corruptis
547 1303 620 1333 quae
655 1294 791 1323 damnata
825 1295 895 1320 sunt
929 1288 1010 1328 quasi
1041 1286 1164 1326 probata
1194 1284 1409 1315 circumferunt

147 1357 173 1381 11
198 1350 332 1391 (probata
356 1354 384 1379 et
407 1356 491 1378 reum
516 1347 613 1376 serant
629 1344 658 1381 S,
682 1343 795 1383 prolata
820 1347 848 1372 et
871 1341 999 1371 reserant
1019 1339 1062 1375 A),
1086 1336 1251 1376 praeteritis
1275 1343 1350 1373 quae
1374 1332 1408 1362 ad

148 1409 175 1432 12
199 1403 417 1432 incrementum
436 1397 616 1437 cognitionis
640 1398 829 1425 accesserunt
853 1402 922 1422 cura
946 1391 1094 1429 longiore:
1121 1398 1157 1418 ne
1181 1388 1221 1426 (in
1244 1395 1298 1426 pro
1324 1394 1360 1414 ne
1377 1384 1409 1421 S)

149 1459 176 1483 13
199 1454 274 1483 sorte
291 1451 372 1482 rudis
396 1455 425 1480 et
449 1450 610 1488 inperfecta
635 1447 753 1477 materia
776 1445 856 1475 velut
880 1442 983 1481 (ueluti
1000 1441 1032 1480 S)
1056 1444 1204 1480 spectatus
1228 1448 1242 1468 a
1266 1447 1312 1467 me
1335 1436 1411 1466 liber

150 1510 177 1534 14
200 1504 229 1533 in
247 1512 353 1532 manus
375 1507 441 1531 tuas
464 1501 504 1538 (in
529 1509 567 1529 m.
592 1504 612 1528 t.
637 1509 692 1529 om.
710 1498 745 1535 A)
768 1497 933 1526 deterretur
958 1494 1118 1532 (deseretur
1135 1491 1176 1527 S),
1201 1488 1411 1529 corpusculum

151 1562 177 1585 15
202 1554 348 1585 sententia
372 1562 434 1582 mea
459 1552 604 1590 digestum
629 1555 660 1580 ut
685 1557 823 1578 nosceres
846 1547 926 1576 misi:
955 1545 1051 1585 primo
1075 1543 1154 1582 quod
1178 1540 1353 1571 referendus
1377 1538 1411 1568 ad

151 1612 179 1636 16
201 1604 374 1636 industriam
392 1609 471 1633 tuam
488 1603 542 1632 suit
559 1601 625 1639 (suit
640 1610 696 1630 om.
714 1600 748 1636 Α)
764 1604 851 1628 tenor
874 1595 1083 1637 dispositionis,
1107 1593 1213 1623 deinde
1237 1597 1269 1622 ut
1291 1591 1412 1621 scabrae

152 1664 178 1687 17
202 1657 297 1686 adhuc
327 1654 516 1685 informitatis
545 1651 733 1689 (informanis
757 1650 790 1685 S,
822 1647 1040 1679 informationis
1063 1646 1097 1683 A)
1127 1644 1255 1684 proditio
1283 1642 1412 1672 editione

153 1714 180 1738 15
202 1717 269 1738 vera
305 1707 540 1745 extingueretur.
590 1703 645 1733 erit
679 1703 768 1741 igitur
802 1701 884 1740 operi
920 1699 965 1729 isti
996 1698 1098 1728 titulus
1128 1696 1309 1735 polyhistor:
1347 1701 1412 1722 nam

154 1765 181 1790 19
204 1768 291 1799 quem
322 1759 351 1788 in
384 1757 504 1787 exordio
528 1756 764 1794 designaveram,
795 1752 907 1782 scilicet
931 1750 1115 1780 Collectanca
1145 1756 1243 1777 rerum
1267 1753 1413 1775 memora-

154 1817 181 1841 20
204 1811 322 1845 bilium,
358 1818 425 1838 cum
463 1808 508 1837 liis
539 1816 614 1845 quae
651 1804 873 1844 inprobavimus
902 1801 1050 1839 (bauimus
1079 1799 1108 1835 S,
1145 1798 1338 1838 probauimus
1365 1796 1414 1830 A‘¹‚

154 1867 180 1892 21
204 1861 430 1901 reprobauimus
457 1858 509 1895 Ab)
533 1857 643 1898 placuit
667 1856 838 1886 oblitterari.
876 1854 990 1884 conlata
1015 1852 1104 1892 igitur
1122 1852 1176 1881 liac
1200 1848 1323 1888 epistula
1349 1856 1415 1876 cum

155 1918 183 1942 22
205 1922 248 1949 ea,
272 1921 346 1951 quae
370 1910 534 1950 auspicium
559 1908 730 1948 scriptionis
746 1907 823 1942 facit,
847 1905 992 1944 intellegis
1016 1903 1118 1933 eodem
1142 1907 1171 1931 te
1194 1901 1259 1930 loco
1283 1898 1415 1929 habitum

155 1970 183 1994 23
207 1973 264 2003 quo
289 1973 366 1999 eum,
390 1962 437 1992 cui
461 1960 570 1990 laboris
594 1960 688 1990 nostri
712 1967 856 1989 summam
881 1956 1088 1987 dedicavimus.
1111 1972 1151 1976 —
1176 1952 1249 1982 SAP

158 2054 186 2078 24
209 2049 246 2079 ad
267 2058 293 2088 p.
319 2050 346 2084 6,
373 2049 426 2079 14:
454 2045 583 2088 [Numa.
602 2068 608 2074 .
628 2043 645 2087 .]
670 2044 802 2083 sepultus
826 2043 880 2073 suh
905 2041 1046 2072 laniculo.
1070 2057 1109 2062 -
1134 2036 1267 2068 LMBAP
1464 2032 1491 2069 1Ἴ
1510 2034 1546 2064 21

159 2139 187 2163 23
210 2133 247 2163 ad
265 2143 295 2172 p.
314 2134 361 2169 16,
384 2135 395 2163 1
411 2143 416 2160 :
444 2129 601 2173 [Convenit
627 2130 703 2159 inter
727 2138 831 2159 omnes
846 2128 934 2158 eorda
952 2126 1080 2165 primum
1098 2134 1131 2154 ex
1148 2124 1283 2153 universa
1300 2118 1420 2150 formari
1465 2118 1494 2155 1,
1512 2119 1552 2149 62

159 2190 187 2214 26
212 2193 301 2213 carne
319 2207 324 2212 .
343 2206 349 2212 .
370 2206 376 2212 .
394 2188 421 2212 at
441 2192 473 2212 ex
492 2182 606 2212 ossibus
623 2178 747 2221 spinas:]
772 2189 803 2209 ea
828 2183 950 2218 propter
975 2176 1096 2215 capitale
1120 2176 1142 2205 si
1166 2173 1331 2213 (capitalem
1349 2171 1371 2200 si
1388 2169 1420 2203 A,
