1593 2409
3 198 31 233 0,
60 201 97 230 16

56 405 93 433 17

64 558 100 588 18

65 712 102 742 19

63 969 102 999 20

735 106 773 134 70

120 198 248 237 segnior.
302 195 312 234 Η
336 194 474 224 excubias
499 199 585 223 nocte
609 193 742 223 dividunt
765 198 797 222 ut
820 191 969 222 exsomnis
992 190 1029 220 sit
1052 189 1163 219 decima
1187 198 1330 228 quaeque.
1369 193 1381 217 1
1406 198 1448 217 PL.
1470 191 1516 222 10,
1534 189 1572 219 59

119 249 220 287 vigiles
235 246 418 286 ponduscula
442 245 539 284 digitis
563 244 794 283 amplectuntur,
819 252 894 281 quae
917 242 941 271 si
965 241 1042 270 sorte
1065 240 1229 270 exciderint
1251 250 1329 270 00111-
1367 244 1381 268 2
1438 240 1534 263 avolus

122 309 193 329 num
223 302 394 335 coarguant.
440 297 518 335 quod
544 297 704 326 cavendum
729 295 785 325 erit
809 294 930 332 clangor
954 292 1073 321 indicat.
1118 291 1128 330 11
1154 295 1276 320 aetatem
1300 291 1329 320 in
1368 295 1381 319 3
1404 300 1447 319 PL.
1469 291 1516 324 10,
1534 290 1573 320 80

123 351 179 380 illis
203 349 301 389 prodit
324 348 422 377 color:
447 348 619 386 nigrescunt
643 351 808 377 senectute.
960 363 962 366 >
1367 347 1382 370 4

205 400 215 440 ΙΙ
239 400 397 430 Veniamus
427 399 461 428 ad
489 399 732 438 promunturium
764 397 852 427 Ceras
877 396 1027 434 chryseon
1052 393 1191 432 Byzantio
1223 392 1330 431 oppido
1368 398 1382 421 5
1405 401 1448 421 PL.
1468 392 1554 423 146

124 453 237 487 nobile,
268 456 353 480 antea
381 451 477 489 Lygos
508 450 634 486 dictum,
666 450 743 488 quod
774 458 789 477 a
813 446 996 487 Dyrrhachio
1025 445 1108 474 abest
1136 444 1333 483 septingentis
1369 448 1383 472 6

123 503 261 533 undecim
285 502 403 531 milibus
427 511 581 541 passuum:
606 505 720 530 tantum
744 500 823 529 enini
847 502 927 537 patet
948 497 1026 526 inter
1047 495 1228 525 Adriaticum
1253 504 1332 524 mare
1370 500 1383 523 7

125 560 153 584 et
169 554 390 592 Propontidem.
428 552 439 593 ss
456 553 485 582 in
504 552 640 582 Ceniensi
658 552 780 590 regione
798 560 857 579 non
876 549 964 587 longe
980 546 1169 585 Flaviopolim
1187 546 1332 575 coloniam
1369 550 1383 574 8
1407 553 1450 573 PL.
1469 545 1497 578 4,
1515 545 1554 573 47

126 606 211 645 Bizye
236 604 394 643 oppidum,
426 604 574 642 quondam
598 612 663 632 area
688 603 772 631 Terei
797 601 890 639 regis,
922 599 1047 628 invisum
1070 596 1282 627 hirundinibus
1305 601 1333 625 et
1369 600 1383 625 9

125 658 265 695 deinceps
295 655 411 684 alitibus
441 655 497 684 illis
527 655 725 684 inaccessum:
744 653 752 693 [1
772 659 949 691 quamquam
974 654 1002 678 et
1025 649 1154 684 Thebas,
1187 648 1265 686 quod
1288 647 1335 676 illa
1358 652 1386 676 10
1408 655 1452 674 PL.
1472 648 1519 679 10,
1537 646 1576 676 70

126 708 241 738 moenia
259 706 375 745 saepius
391 711 475 744 capta
493 706 561 741 sint,
586 709 734 743 negentur
750 704 858 733 subire.
897 700 908 741 fl
926 710 993 730 nam
1012 700 1089 729 inter
1105 704 1203 728 cetera
1227 698 1336 727 habere
1359 702 1386 726 11
1410 706 1467 726 ion.

126 760 188 789 illas
205 758 343 796 quiddam
367 757 532 796 praescium
556 756 624 785 inde
650 755 792 790 noscitur,
815 754 893 792 quod
918 753 1033 790 lapsura
1058 761 1118 780 non
1143 755 1249 789 petunt
1272 749 1335 778 cul·
1359 753 1387 777 12

125 811 204 840 mina
222 814 250 838 vt
266 812 464 848 aspernantur
480 807 609 846 peritura
627 816 746 844 quoquo
763 806 850 835 inodo
868 808 954 833 tecta.
989 803 1107 832 minime
1124 806 1204 831 certe
1225 810 1240 829 a
1264 800 1334 829 diris
1357 804 1384 828 13
1401 798 1588 834 ofi1¹11.10‚73

126 862 226 890 avibus
249 861 434 899 impetuntur
457 868 512 888 nec
536 867 674 895 umquam
699 857 806 895 praeda
830 860 899 885 sunt
922 860 953 883 ut
977 863 1085 883 sacrae.
1131 853 1142 891 11
1168 852 1249 881 cibos
1274 861 1332 880 non
1358 855 1387 880 14
1402 858 1445 878 PL.
1468 851 1512 883 10,
1532 849 1570 879 73

127 916 250 942 sumunt
272 911 453 944 resistentes,
477 909 526 939 sed
550 910 578 938 in
604 913 670 937 uere
694 908 813 946 capiunt
839 915 919 935 escas
943 909 972 933 et
995 905 1144 934 hauriunt.
1358 907 1386 931 15

211 961 221 1003 ΙΙ
245 963 325 991 Alter
349 962 469 991 isthmos
500 961 529 989 in
554 960 676 988 Thracia
708 964 751 988 est
780 957 922 988 similibus
953 956 1096 994 angustiis
1126 959 1155 983 et
1183 954 1245 993 pari
1269 953 1333 983 lati-
1358 958 1384 982 16
1407 960 1450 980 PL.
1469 953 1496 985 4,
1516 952 1554 981 48

126 1014 227 1044 tudine
244 1014 298 1042 arti
315 1013 411 1042 maris.
450 1012 538 1041 liuius
562 1012 646 1040 litora
671 1011 759 1040 urbes
783 1009 931 1046 utrimque
954 1016 1040 1036 secus
1064 1009 1223 1035 ostentant.
1262 1004 1334 1033 Pro—
1358 1008 1385 1032 17

126 1065 255 1105 pontidis
279 1073 360 1093 oram
384 1063 507 1102 insignit
532 1063 653 1101 Pactye,
682 1062 812 1091 Melanes
835 1061 933 1090 sinum
957 1058 1073 1087 Cardia:
1105 1066 1180 1095 quae
1204 1055 1283 1094 quod
1307 1055 1335 1084 in
1360 1059 1387 1084 18

211 1172 315 1200 RCNH
334 1171 424 1201 LMG(
430 1172 463 1203 Β)
483 1171 555 1198 SAP

216 1234 237 1251 v.
262 1228 271 1250 1
296 1224 492 1250 excubiasff4
517 1224 657 1249 senectute
682 1220 838 1255 compilavit
861 1218 985 1245 Isidorus
1006 1220 1045 1248 12,
1066 1220 1088 1249 7,
1110 1219 1139 1243 15
1244 1223 1267 1241 v.
1288 1216 1302 1239 5
1325 1220 1387 1247 pro-

130 1267 294 1294 munturium
314 1266 438 1292 Ceras—
450 1267 464 1291 8
483 1264 675 1298 Propontidem
702 1262 834 1290 breviavit
854 1260 965 1296 Capella
984 1262 1007 1291 6,
1028 1262 1075 1285 657
1164 1266 1187 1284 v.
1208 1260 1221 1283 7
1241 1257 1345 1282 tantum
1357 1271 1387 1274 —

132 1312 146 1336 8
166 1309 357 1344 Propontidem
377 1311 425 1334 aut
443 1316 480 1334 ex
499 1307 589 1332 Plinio
609 1310 657 1332 (cul
675 1314 712 1332 ex
731 1305 826 1331 Solimo
845 1303 970 1329 Isidorus
991 1305 1030 1334 15,
1053 1305 1074 1334 1,
1094 1303 1125 1327 42
1196 1309 1218 1327 v.
1240 1301 1269 1326 11
1289 1298 1388 1325 habere

132 1353 192 1378 illas
204 1368 235 1370 —
251 1354 279 1377 15
300 1350 428 1377 hauriunt
446 1350 600 1384 compilavit
620 1348 687 1375 Isia.
709 1350 746 1378 12,
766 1350 789 1380 7,
807 1349 847 1372 70.

220 1441 230 1464 1
246 1445 278 1464 ex
292 1437 415 1463 omnibus
428 1435 466 1461 ΝΞ
520 1438 534 1461 2
547 1434 714 1468 amplectens
729 1433 760 1459 M
811 1432 920 1465 aquosi]
938 1430 1009 1464 quod
1028 1437 1088 1455 cum
1103 1428 1162 1460 GR,
1180 1427 1251 1462 quod
1263 1438 1275 1449 *
1288 1437 1300 1450 ε
1315 1425 1338 1452 L

135 1481 243 1507 clancor
262 1479 365 1505 indicat
379 1479 410 1510 R,
431 1479 557 1511 clangore
576 1476 698 1502 indicant
710 1474 773 1502 ΑΒ·
793 1475 894 1501 elamor
910 1473 1011 1499 indicat
1024 1471 1150 1497 Isidorus
1201 1470 1229 1496 in
1247 1478 1297 1496 om.
1317 1468 1339 1494 G

134 1525 149 1549 4
168 1524 333 1549 senectutem
352 1520 374 1547 G
458 1523 472 1546 5
491 1520 533 1551 ad]
553 1527 569 1545 a
588 1518 617 1544 N
665 1521 668 1523 ’
698 1518 820 1544 chriseon
840 1516 894 1544 Rc,
912 1516 1033 1550 physeon
1053 1514 1089 1540 Ρ2
1169 1512 1316 1538 nizantium
1334 1510 1391 1542 Ro,

134 1565 242 1598 byzanti
260 1566 282 1591 Α
388 1563 517 1597 oppidum
536 1561 652 1593 RCMG,
677 1560 777 1594 oppidu
796 1559 818 1585 L
924 1561 938 1584 6
963 1559 1051 1589 antea]
1076 1558 1140 1582 ante
1162 1557 1241 1581 antea
1259 1553 1291 1580 M

133 1608 217 1642 lygos]
231 1606 345 1639 LMAP,
364 1607 440 1641 lygus
459 1604 568 1636 RNGS,
587 1605 657 1638 ligus
672 1603 718 1629 CH
804 1602 903 1628 dictam
923 1599 1003 1626 LMG
1089 1606 1105 1624 a
1125 1606 1176 1624 om.
1197 1596 1223 1623 P
1308 1599 1321 1622 7
1341 1604 1391 1622 un-

134 1650 229 1681 decim]
243 1658 262 1675 x
276 1652 303 1676 H
371 1648 501 1674 mirilibus
516 1649 556 1674 Ha
627 1648 640 1672 8
661 1645 781 1672 caniensi
799 1643 862 1671 AP²
931 1643 1017 1675 longe]
1036 1643 1114 1675 longe
1132 1649 1148 1667 a
1166 1639 1203 1666 II
1218 1638 1342 1670 (LMGP)

135 1693 227 1723 flauio]
246 1692 329 1718 fluuio
349 1690 436 1720 NHS,
455 1690 556 1716 fluuioo
578 1690 609 1722 G,
626 1688 702 1715 fluuo
721 1687 747 1713 P
842 1685 933 1720 polim]
952 1684 1037 1718 polini
1054 1683 1135 1715 LGP,
1154 1682 1248 1716 populi
1265 1681 1297 1708 M

135 1743 150 1767 5
176 1735 252 1769 byzie
270 1734 368 1767 RNM,
393 1733 494 1759 bizziae
512 1733 551 1763 A,
574 1731 641 1765 byze
662 1732 683 1757 (J
749 1737 813 1756 area
830 1729 905 1760 terei]
924 1728 987 1754 libri
999 1727 1139 1761 plerique,
1161 1724 1335 1750 mareaticum
1353 1722 1391 1755 M,

135 1785 201 1804 arax
228 1777 277 1803 teri
301 1776 375 1807 ΡΝ,
403 1775 474 1801 unde
501 1782 549 1800 arx
575 1773 654 1799 Terei
676 1772 810 1799 Salmas.:
837 1771 895 1796 Bizi
918 1778 966 1796 ara
990 1768 1088 1801 (Laid,
1118 1767 1186 1793 bizie
1207 1774 1284 1792 arum
1307 1765 1392 1797 Ricc„

137 1820 232 1854 byziae
242 1827 290 1845 arx
303 1819 353 1844 alii
366 1818 449 1849 libris)
462 1824 553 1849 regum
564 1815 696 1841 Thraciae
709 1822 725 1840 a
734 1814 812 1840 Terei
826 1813 930 1839 nefasto
943 1812 1029 1837 invisa
1043 1809 1231 1836 hirundinibus
1241 1808 1313 1834 Pliiz.

135 1863 252 1890 inuisum
275 1864 311 1892 (et
334 1861 385 1886 ius.
405 1859 441 1889 IV)
466 1859 516 1884 hir.
543 1879 549 1883 .
572 1878 577 1883 .
597 1878 602 1883 .
628 1857 679 1883 illis
703 1856 771 1887 (aliis
791 1855 821 1887 S)
839 1855 936 1885 inacc.]
955 1861 1026 1880 nunc
1043 1852 1161 1878 inuisum
1180 1854 1207 1877 et
1224 1852 1393 1877 inaccessum

136 1904 334 1939 hyrundinibus
357 1905 384 1929 et
407 1902 533 1934 deinceps
558 1900 668 1926 alitibus
692 1899 752 1924 aliis
770 1899 793 1924 Α
880 1899 907 1922 11
929 1898 1068 1929 negentur]
1087 1895 1267 1927 nepernentur
1284 1894 1308 1919 Α

139 1951 169 1974 12
195 1948 333 1980 lapsuram
358 1954 384 1971 n.
410 1953 436 1978 p.
463 1943 623 1970 calumniam
643 1941 664 1967 S
735 1943 766 1966 13
786 1942 902 1974 quoquo]
923 1946 975 1972 quo
992 1938 1018 1964 R
1090 1940 1120 1963 14
1138 1937 1254 1970 praedae
1274 1936 1326 1962 HA

140 1994 169 2017 15
193 1989 341 2016 residentes
365 1987 403 2014 Ν2
456 1993 519 2012 aera
544 1983 622 2010 NHS
675 1984 787 2017 cupiunt
808 1982 840 2009 M
890 1981 1018 2008 isthemos
1043 1980 1073 2006 M
1128 1982 1157 2005 16
1181 1982 1221 2005 est
1245 1987 1297 2005 om.
1316 1980 1346 2005 H

138 2032 290 2063 latitudine]
303 2031 382 2057 modo
395 2030 418 2056 A
491 2031 519 2053 17
536 2027 626 2057 huius]
646 2026 722 2052 cuius
736 2026 759 2052 A
829 2025 907 2051 litore
919 2023 940 2050 S
993 2019 1153 2056 'utrumque
1167 2021 1190 2048 G
1261 2023 1291 2048 18
1310 2023 1395 2052 oram]

139 2083 248 2110 operam
267 2080 412 2109 (ςυρψ-εον.
433 2073 518 2101 oram)
538 2069 563 2096 R
657 2068 776 2102 insignit]
796 2067 854 2098 SP,
872 2067 990 2100 insignes
1009 2065 1056 2097 N2,
1074 2065 1185 2098 insignis
1203 2064 1303 2098 reliqui

139 2120 245 2152 pactye]
265 2114 426 2147 RCNSAP,
450 2113 566 2148 piactiae
585 2114 625 2144 H,
651 2114 782 2145 pactusae
800 2109 868 2141 MG,
895 2112 1021 2142 pactume
1040 2108 1075 2139 Β,
1094 2115 1126 2134 ae
1144 2107 1166 2133 L
1264 2106 1395 2132 melannis

140 2160 227 2187 sinum
246 2158 279 2185 II
298 2158 351 2191 (M,
376 2157 584 2184 melanissimum
603 2154 668 2185 ΕΒ,
688 2153 900 2179 mulanissimum
921 2150 962 2183 G),
978 2150 1108 2179 menalles
1131 2150 1219 2176 sinum
1237 2148 1256 2176 I
1271 2148 1394 2182 (ΒΟΝΗ,

140 2202 270 2228 maenalle
288 2202 376 2228 sinum
394 2200 423 2233 S,
442 2199 571 2226 menallos
591 2197 679 2224 sinum
698 2196 742 2227 Α),
761 2194 954 2222 melanensium
974 2193 999 2219 P
1058 2191 1146 2218 cardis
1165 2193 1205 2219 Η.
