1593 2409
70 442 128 461 IGN.
168 437 179 460 1
289 430 365 461 Sunt
394 430 443 469 qni
471 428 562 459 videri
591 427 683 456 velint
710 425 819 454 Romae
849 424 1024 454 vocabulum
1054 423 1089 452 al)
1114 423 1252 452 Euandro
1284 423 1413 461 primum
1437 416 1465 456 1,
1491 420 1504 449 1

170 487 184 511 2
206 482 315 517 datum,
339 491 405 511 cum
423 480 565 520 oppidum
585 478 625 507 ibi
649 477 829 511 offendisset,
854 476 932 514 quod
957 480 1124 505 extructum
1148 480 1233 504 antea
1250 474 1413 503 Valentiam

170 538 183 562 3
206 533 320 562 dixerat
336 533 471 562 iuventus
488 530 601 564 Latina,
618 533 789 566 servataque
805 527 1021 566 significatione
1038 527 1157 566 inpositi
1174 526 1257 564 prius
1274 525 1414 560 nominis,

169 590 183 613 4
206 585 328 614 Romam
352 583 463 613 Graece
486 581 648 611 Valentiam
676 579 867 609 nominatam.
906 587 993 616 quam
1016 577 1145 606 Arcades
1168 577 1309 615 quoniam
1332 576 1416 605 habi-

169 642 183 664 5
206 640 317 665 tassent
350 635 380 664 in
411 633 524 664 excelsa
554 636 637 671 parte
666 631 791 666 montis⁷
826 630 988 660 derivatum
1019 629 1174 667 deinceps,
1209 633 1242 657 ut
1272 628 1415 658 tutissima

169 693 184 716 6
206 686 324 716 urbium
353 695 436 715 arces
465 687 651 713 vocarentur.
696 681 844 711 Heraclidi
875 681 970 720 placet
999 680 1086 710 Troia
1110 684 1193 718 capta
1217 680 1358 718 quosdam
1382 689 1417 708 ex
1440 681 1458 710 2

170 745 183 767 7
206 737 323 767 Achivis
347 737 375 766 in
401 746 434 765 ea
458 736 520 765 loca
543 735 594 764 ubi
618 743 699 764 nnnc
716 733 808 762 Roma
833 737 876 762 est
899 732 1051 762 devenisse
1076 741 1130 770 per
1146 731 1285 767 Tiberim,
1310 730 1416 760 deinde

170 794 184 819 8
206 788 350 818 suadente
374 788 467 817 Rome
491 786 673 816 nobilissima
698 784 879 823 captivarum
903 793 978 822 quae
1002 783 1046 813 his
1070 793 1168 812 comes
1192 787 1263 818 erat,
1288 782 1416 811 incensis

169 846 183 870 9
206 840 329 870 navibus
357 839 491 878 posuisse
523 838 623 872 sedes,
654 836 795 866 struxisse
825 835 941 865 moenia
969 839 998 864 et
1021 835 1162 873 oppidum
1186 834 1221 863 ab
1245 843 1278 862 ea
1301 833 1415 862 Romen

158 897 186 921 10
208 891 363 921 vocavisse.
408 889 581 928 Agathocles
610 887 713 917 scribit
735 887 849 916 Romen
880 896 940 916 non
972 886 1114 925 captivam
1138 885 1244 920 fuisse⁷
1276 889 1306 914 ut
1329 893 1417 923 supra
1442 886 1460 915 3

158 947 184 972 11
207 943 317 972 dictum
347 947 406 977 est⁷
437 941 488 971 sed
518 940 643 970 Ascanio
675 944 772 968 natam
802 939 919 968 Aeneae
950 943 1070 976 neptem
1098 937 1305 975 appellationis
1335 936 1419 965 istius

0 1001 31 1021 ἰ.
50 993 77 1025 3,
96 993 135 1021 65
160 999 187 1023 12
209 1003 327 1023 causam
344 993 443 1022 fuisse.
482 990 493 1032 ss
510 992 634 1021 traditur
650 991 736 1020 etiam
753 990 908 1028 proprium
925 990 1035 1018 Romae
1053 999 1172 1023 nomen,
1197 997 1298 1017 verum
1321 992 1418 1016 tamen
1443 989 1462 1017 4

159 1050 185 1074 13
207 1045 328 1074 vetitum
352 1044 505 1083 publicari,
533 1043 673 1081 quoniam
698 1041 816 1080 quidem
841 1050 898 1079 quo
922 1041 1021 1070 minus
1045 1040 1252 1069 enuntiaretur
1275 1039 1418 1068 caerimo-

159 1101 186 1125 14
209 1096 325 1125 niarum
356 1105 461 1124 arcana
492 1098 669 1129 sanxerunt,
700 1097 733 1122 ut
760 1093 817 1121 hoc
841 1097 926 1131 pacto
952 1091 1086 1121 notitiam
1110 1091 1173 1120 eius
1195 1090 1325 1120 aboleret
1348 1090 1419 1119 fides

159 1153 186 1176 15
208 1147 331 1187 placitae
354 1146 571 1180 taciturnitatis,
596 1145 743 1174 Valerium
767 1144 896 1182 denique
916 1144 1073 1178 Soranum,
1098 1143 1175 1181 quod
1201 1147 1305 1171 contra
1328 1142 1420 1171 inter-
1445 1142 1462 1170 5

160 1204 187 1228 10
209 1198 320 1228 dictum
337 1198 435 1236 eloqui
459 1197 485 1226 id
511 1206 599 1226 ausus
622 1197 707 1231 soret,
731 1195 767 1224 ob
792 1195 929 1224 meritum
954 1195 1095 1233 profanae
1118 1194 1198 1222 vocis
1222 1193 1287 1222 neci
1311 1192 1419 1221 datum.

160 1255 187 1279 17
210 1250 288 1279 inter
316 1248 535 1287 antiquissimas
563 1257 634 1277 sane
663 1247 824 1285 religiones
853 1246 993 1275 sacellum
1023 1245 1129 1274 colitur
1152 1248 1343 1282 Angeronae,
1374 1245 1420 1272 cui
1446 1243 1464 1273 6

160 1306 187 1330 ts
211 1301 393 1331 sacrificatur
423 1305 492 1329 ante
523 1299 600 1328 diem
628 1298 681 1327 XII
712 1298 740 1327 k.
764 1298 841 1327 Ian.:
873 1306 947 1335 quae
976 1297 1040 1325 diva
1068 1296 1186 1334 praesul
1209 1296 1307 1326 silenti
1331 1295 1422 1334 ipsius

162 1358 189 1382 19
211 1361 360 1391 praenexo
384 1351 599 1389 obsignatoque
624 1359 675 1379 ore
699 1349 888 1378 simulacrum
912 1348 1010 1377 habet.

247 1418 352 1446 RCNH
370 1417 473 1449 LM(B)
493 1416 566 1443 SAP

248 1469 273 1488 v.
295 1463 305 1487 1
331 1464 438 1487 sunt—
455 1462 470 1485 4
494 1460 674 1485 nominatam:
697 1458 798 1484 similia
820 1457 915 1484 Ateius
939 1456 1015 1491 apud
1038 1456 1113 1483 Serv.
1135 1457 1203 1482 Aen.
1225 1458 1246 1486 1,
1265 1458 1313 1481 273
1337 1458 1363 1482 et
1387 1463 1424 1481 ex

164 1504 281 1530 historia
305 1503 425 1530 Cumana
444 1502 517 1528 Fest.
540 1510 567 1535 p.
587 1503 637 1527 266
661 1510 684 1528 v.
705 1501 820 1527 Romam
926 1502 939 1524 5
965 1499 1342 1525 derivatum—vocarentur:
1362 1497 1424 1523 inde

164 1546 290 1573 Isidorus
310 1548 349 1577 15,
369 1547 393 1576 2,
413 1546 445 1570 32
543 1546 557 1569 6
582 1543 719 1570 Heraclidi
742 1543 780 1577 cf.
806 1541 908 1568 Maller
929 1542 969 1575 fr.
993 1541 1055 1568 hist.
1083 1542 1176 1568 Graec.
1197 1543 1211 1566 3
1230 1549 1262 1575 p.
1282 1542 1328 1567 168

166 1592 195 1615 10
215 1588 379 1621 Agathocles
398 1587 437 1621 cf.
457 1586 558 1612 Mz'c'ller
575 1586 615 1620 fr.
636 1586 696 1612 hist.
718 1586 812 1612 Graec.
832 1588 847 1610 4
862 1594 893 1619 p.
914 1586 972 1610 290.

252 1659 266 1683 2
291 1656 457 1686 offendisset]
480 1654 617 1681 effodisset
641 1654 680 1680 Ν2
785 1655 943 1679 extraneum
968 1653 992 1678 Α
1096 1654 1111 1678 4
1136 1650 1314 1683 habitassent]
1338 1650 1423 1676 nomi-

163 1702 275 1727 nassent
293 1699 331 1730 R,
349 1701 418 1734 post
436 1698 533 1723 montis
552 1698 576 1724 Α
664 1699 679 1722 6
698 1697 844 1723 uocaretur
861 1695 912 1722 RC
979 1698 992 1721 7
1013 1695 1131 1722 archiuis
1152 1694 1188 1725 H,
1206 1694 1308 1720 achiois
1327 1692 1361 1719 M

165 1744 179 1769 8
204 1742 372 1776 captiuaram
395 1741 435 1772 Ν,
459 1741 646 1774 capitauarum
666 1739 687 1765 S
772 1739 810 1765 eis
831 1738 857 1764 H
928 1740 942 1763 9
967 1737 1107 1768 struxisse]
1126 1736 1146 1763 I
1161 1736 1300 1768 (RCNH)‚
1323 1735 1424 1761 instru-

164 1785 236 1812 xisse
254 1783 292 1810 II
307 1783 494 1816 (LM⁶BSAP,
513 1783 661 1810 instuxisse
679 1782 734 1814 ΜΠ)
834 1784 864 1807 10
883 1778 977 1807 romeu
996 1788 1056 1806 cum
1076 1780 1163 1815 apice,
1182 1782 1211 1805 ut
1228 1779 1307 1812 infra
1321 1787 1352 1813 p.
1372 1780 1397 1810 4,
1410 1781 1424 1803 5

164 1826 299 1861 megalem
322 1826 345 1853 L
398 1827 442 1858 ab]
465 1829 491 1852 et
510 1827 544 1853 ab
563 1825 597 1852 M
646 1832 759 1851 uocasse
780 1823 806 1850 H
859 1824 960 1851 scribet
978 1822 1011 1849 M
1060 1823 1144 1849 fuisse
1158 1825 1227 1857 post
1244 1823 1286 1848 est
1303 1822 1327 1847 A
1396 1823 1427 1846 ut

165 1878 215 1896 om.
229 1869 262 1896 M
308 1872 335 1896 11
351 1870 461 1896 ascanio
476 1867 494 1894 I
504 1867 652 1900 (RNHSA,
665 1867 789 1894 asscanio
804 1866 843 1899 C),
855 1866 890 1892 ab
903 1866 1012 1892 ascanio
1028 1865 1061 1892 II
1071 1865 1201 1897 (LMBP)
1246 1867 1355 1898 neptam
1368 1864 1391 1889 Α

168 1914 198 1939 12
217 1920 312 1939 uerum
334 1914 423 1938 tamen
446 1911 561 1938 uetitum
584 1910 726 1943 (uentitum
751 1909 786 1941 S,
812 1909 956 1936 tle*tilum
975 1908 1019 1940 R)]
1040 1908 1055 1934 Ι
1072 1908 1259 1939 (RCNHSA),
1283 1910 1310 1933 et
1333 1913 1425 1933 uerum

165 1956 249 1989 magis
262 1955 333 1988 quod
346 1961 490 1987 numquam
503 1954 531 1979 in
544 1953 653 1986 uulgum
674 1952 750 1978 uenit
767 1951 815 1978 sed
834 1951 945 1978 uetitum
958 1950 993 1976 II
1003 1950 1095 1982 (ΔΜΒ
1114 1956 1139 1978 et
1157 1951 1205 1982 sic,
1224 1950 1272 1977 sed
1289 1951 1316 1976 et
1333 1956 1425 1975 uerum

165 1998 250 2031 magis
263 2001 289 2025 et
301 1997 349 2024 sed
361 2005 447 2032 supra
460 2004 492 2027 v.,
505 1995 540 2028 P)
596 1997 625 2021 13
638 1995 845 2021 enuntiarentur
854 1993 883 2025 S,
897 1994 1087 2020 inclaresceret
1099 1995 1182 2025 (-rent
1192 1993 1238 2025 ΡΞ)
1251 1991 1305 2019 III
1311 1991 1393 2023 (AP2)

169 2041 200 2065 14
218 2038 357 2065 sanxerint
377 2037 405 2069 S,
424 2037 560 2064 sansisent
578 2036 616 2063 ΝΞ
686 2037 787 2064 notiam
805 2037 846 2063 Na
918 2039 947 2063 15
967 2036 1071 2070 placide
1089 2036 1121 2062 H
1190 2038 1219 2062 16
1238 2035 1335 2068 eloquii
1353 2035 1379 2061 id
1399 2034 1427 2065 S,

168 2080 301 2114 eloquium
324 2083 384 2113 (om.
409 2080 446 2112 id)
464 2079 507 2112 H,
531 2080 558 2106 id
583 2080 672 2113 eloqui
697 2079 751 2106 III
771 2079 839 2112 (ΑΡ)
942 2079 1044 2110 datum]
1068 2079 1230 2105 destinatum
1250 2078 1326 2110 Nff

172 2133 201 2157 17
220 2138 355 2164 angerona
372 2130 403 2157 M
494 2134 524 2157 18
543 2131 586 2157 die
604 2131 630 2158 R
715 2131 769 2157 XII
787 2125 842 2157 ffi
860 2127 965 2157 iffirum
978 2130 1001 2157 L
1018 2130 1197 2163 similiterque
1215 2129 1297 2155 ceteri
1316 2128 1378 2155 libri

168 2173 261 2207 ipsius]
281 2174 295 2198 I
311 2172 491 2205 (RCNHSA),
510 2174 588 2200 istius
607 2172 644 2200 ΙΙ
657 2173 786 2206 (LMBP)
859 2177 889 2200 19
908 2172 1084 2200 simulchrum
1102 2172 1132 2198 H
1200 2171 1303 2198 habens
1321 2171 1371 2198 RC

1190 2215 1224 2240 1*
