1593 2409
166 531 176 555 1
520 518 571 566 G.
602 516 771 565 IVLII
803 516 1030 564 SOLINI

254 617 629 656 COLLEOTANEA
661 618 839 657 RERVM
871 619 1284 657 MEMORABILIVM.

163 625 176 649 {Q

162 847 175 870 3
448 842 633 873 SOLINVS
656 842 867 873 ADVENTO
891 842 1105 873 SALVTEM.

162 932 175 955 »1
285 925 358 956 Cum
376 930 403 956 et
426 927 541 956 aurium
566 928 721 957 clementia
747 933 773 957 et
798 929 975 967 optimarum
1001 929 1106 957 artium
1132 928 1235 958 studiis
1260 932 1409 966 praestare
1435 930 1447 958 1

162 984 176 1006 5
199 982 226 1007 te
250 978 357 1007 ceteris
386 978 511 1007 sentiam
543 979 631 1017 idque
662 979 772 1018 oppido
801 984 940 1018 expertus
970 979 1005 1008 (le
1036 980 1232 1009 benivolentia
1264 985 1312 1009 tua
1338 978 1410 1008 nihil

163 1034 177 1058 6
199 1033 310 1058 temere
327 1030 538 1068 praeceperim,
563 1040 578 1059 e
595 1040 626 1059 re
643 1031 741 1069 putavi
758 1040 879 1060 examen
898 1031 1032 1069 opusculi
1049 1031 1132 1060 istius
1150 1031 1201 1060 tibi
1225 1031 1409 1070 potissimum

164 1086 177 1108 τ
201 1079 279 1115 dare,
309 1080 393 1109 cuius
417 1081 461 1110 vel
484 1081 629 1111 industria
653 1083 819 1121 promptius
842 1082 1014 1120 suffragium
1039 1082 1083 1111 vel
1106 1082 1272 1121 benignitas
1296 1082 1410 1111 veniam

164 1136 178 1160 S
202 1130 368 1170 spondebat
385 1131 557 1161 faciliorem.
596 1133 670 1162 liber
687 1138 730 1162 est
747 1133 780 1162 ad
798 1133 997 1172 conpendium
1022 1138 1225 1172 praeparatus,
1249 1138 1410 1172 quantum-
1434 1135 1452 1164 2

164 1187 178 1210 9
202 1191 258 1220 que
282 1183 355 1211 ratio
379 1192 462 1221 passa
487 1189 531 1213 est
554 1184 593 1213 ita
617 1184 767 1213 moderate
792 1194 955 1223 repressus,
980 1189 1012 1213 ut
1036 1194 1091 1214 nec
1114 1185 1237 1223 prodiga
1261 1185 1298 1214 sit
1321 1185 1350 1214 in
1376 1195 1409 1213 eo

152 1238 179 1261 Iu
202 1233 285 1272 copia
315 1243 370 1263 nec
401 1234 540 1264 damnosa
573 1236 768 1265 concinnitas.
812 1236 859 1265 cui
890 1236 913 1265 si
937 1236 1067 1265 animum
1091 1236 1214 1275 propius
1236 1236 1411 1271 intenderis,

152 1288 177 1312 11
201 1284 280 1314 velut
296 1285 473 1314 fermentum
491 1286 670 1324 cognitionis
686 1287 777 1326 magis
793 1287 819 1316 ei
843 1287 939 1316 inesse
964 1297 1050 1325 quam
1075 1287 1202 1317 bratteas
1224 1288 1412 1326 eloquentiae

152 1339 178 1363 12
201 1335 417 1374 deprehendes.
449 1338 601 1376 exquisitis
615 1339 692 1367 enim
707 1338 819 1377 aliquot
832 1338 1031 1368 voluminibus
1043 1339 1190 1368 studuisse
1208 1348 1253 1368 me
1270 1339 1413 1378 inpendio
1438 1340 1455 1370 3

152 1391 178 1415 13
201 1387 309 1423 fateor,
339 1393 372 1417 ut
401 1392 429 1417 et
452 1398 467 1418 a
499 1389 663 1419 notioribus
690 1390 830 1419 referrem
856 1390 961 1428 pedem
985 1395 1014 1418 et
1036 1391 1157 1419 remotis
1180 1390 1290 1428 largius
1314 1391 1410 1419 inmo-

151 1442 179 1466 11
201 1447 293 1467 rarer.
324 1439 459 1468 locorum
475 1441 716 1470 commemoratio
734 1441 893 1479 plurimum
910 1445 1000 1474 tenet,
1025 1441 1054 1470 in
1072 1450 1160 1479 quam
1182 1446 1294 1480 partem
1319 1443 1411 1471 ferme

152 1493 179 1516 15
202 1489 370 1519 inclinatior
400 1495 444 1519 est
474 1491 608 1521 universa
640 1492 784 1521 materies.
824 1501 951 1530 quorum
982 1492 1150 1521 meminisse
1181 1493 1218 1521 ita
1242 1493 1334 1522 visum
1359 1498 1412 1528 est,

152 1544 179 1568 16
201 1544 234 1569 ut
266 1540 383 1570 inclitos
413 1545 559 1571 terrarum
589 1543 661 1572 situs
691 1547 718 1571 et
750 1543 882 1581 insignes
911 1547 1022 1572 tractus
1052 1544 1155 1577 maris,
1192 1548 1304 1573 servata
1333 1544 1413 1573 orbis

237 1623 344 1650 RCNH
359 1624 460 1657 LM(B)
479 1625 553 1652 SAP

236 1692 278 1720 De
296 1694 477 1729 inscriptione
495 1694 555 1721 vide
569 1695 784 1730 praefinionem.

237 1738 251 1762 3
271 1736 375 1763 solinus
400 1737 491 1768 (iulius
517 1738 619 1764 solinus
645 1737 683 1769 H)
707 1738 824 1765 aduento
848 1738 962 1764 salutem
987 1746 1038 1764 om.
1060 1738 1080 1762 B
1152 1740 1167 1763 4
1189 1741 1215 1763 et
1241 1746 1293 1764 om.
1315 1737 1345 1764 C¹

151 1778 238 1804 arium
251 1778 283 1804 M
361 1783 501 1813 praestare
519 1783 554 1811 te]
574 1783 706 1814 prestaret
725 1781 765 1807 ΝΖ
847 1784 861 1807 5
880 1781 1041 1807 sententiam
1061 1780 1118 1807 RN
1198 1783 1212 1806 6
1231 1781 1415 1815 praeceperim

151 1828 165 1847 e
189 1828 219 1847 re
241 1821 345 1854 putaui]
365 1822 407 1854 N,
431 1823 602 1857 praeceperit
620 1831 692 1850 mere
710 1824 806 1857 putaui
824 1823 864 1855 M,
883 1823 1067 1857 praeceperim
1086 1823 1212 1856 reputaui
1232 1823 1317 1854 ΕΒΖ),
1336 1831 1414 1857 prae·

151 1863 267 1897 ciperem
290 1866 417 1899 reputaui
435 1864 471 1897 S,
495 1866 661 1900 perceperim
683 1877 694 1889 ze
710 1867 821 1900 eputaui
842 1866 881 1898 0¹,
904 1866 1071 1900 perceperim
1089 1866 1216 1899 reputant
1236 1866 1334 1898 RC2H,
1353 1874 1414 1900 per-

152 1906 242 1939 cipere
255 1914 297 1933 me
315 1908 441 1942 reputaui
453 1909 476 1934 Α
547 1909 627 1935 istius
646 1909 695 1934 tibi
714 1909 892 1942 potissimum]
912 1909 992 1935 huius
1011 1908 1193 1942 postissimum
1207 1908 1228 1935 S
1299 1909 1312 1934 8
1333 1916 1414 1941 spon-

152 1949 214 1975 deat,
232 1949 265 1981 P,
289 1950 461 1984 spondebant
480 1950 514 1977 M
581 1954 595 1978 9
615 1952 723 1985 prodita
742 1951 774 1978 M
841 1952 868 1977 in
887 1959 919 1978 ea
938 1952 973 1977 sit
992 1953 1015 1977 A
1088 1955 1117 1978 10
1137 1959 1186 1977 nec
1206 1960 1257 1977 om.
1279 1950 1307 1976 N
1357 1950 1414 1975 ani-

151 1999 220 2018 mam
240 1993 279 2019 H¹
332 1993 459 2027 proprius
478 1993 586 2020 RNMS
640 1997 669 2021 11
690 1995 772 2027 magis
792 1994 815 2020 ei
833 1994 920 2020 inesse
940 1994 975 2020 II
991 1993 1171 2025 ‹N2LMBP)‚
1190 1994 1274 2026 magis
1293 1994 1380 2018 inesse
1400 1991 1418 2018 I

151 2034 291 2067 (N1HSA,
315 2044 367 2064 om.
387 2037 445 2069 ΗΟ)
522 2037 628 2063 brattea
653 2045 681 2063 se
706 2037 773 2070 eloq.
794 2036 833 2069 R,
857 2037 925 2070 eloq.
950 2037 990 2063 br.
1010 2036 1061 2063 ΑΡ
1132 2038 1161 2062 12
1184 2035 1364 2069 deprehendis
1382 2036 1414 2065 Α,

152 2076 383 2115 deprehendentes
402 2079 435 2106 M
520 2081 547 2105 et
571 2079 675 2113 quisitis
694 2078 728 2105 M
811 2080 948 2106 studuisse
972 2082 1023 2111 me]
1049 2078 1169 2105 studiose
1194 2086 1234 2104 me
1253 2078 1292 2108 R,
1317 2077 1414 2103 studiis

153 2120 235 2145 semel
253 2120 294 2146 Na
394 2124 424 2148 13
448 2124 475 2149 et
497 2124 522 2153 a]
540 2129 557 2148 a
575 2121 608 2148 M
704 2122 815 2154 largius]
838 2122 944 2155 longius
964 2122 1003 2148 Ν2
1104 2124 1133 2147 14
1153 2128 1232 2153 quam
1250 2122 1362 2154 partem]
1383 2119 1419 2145 II

153 2159 295 2194 (LMBP),
322 2171 376 2197 qua
398 2167 475 2198 parte
497 2163 517 2190 I
537 2164 709 2197 (RCNHSA)
818 2167 846 2191 15
870 2164 1021 2191 meminisse
1046 2163 1064 2190 I
1085 2163 1269 2195 (ΗΟΝΗΒΑ),
1298 2170 1414 2189 comme-

151 2202 261 2230 minisse
279 2203 317 2231 II
331 2205 461 2239 (LMBP)
550 2210 581 2233 16
600 2207 711 2240 insignis
732 2206 792 2233 HM

202 2251 298 2273 Solinus.
1197 2250 1208 2273 ¹
