1706 2446
796 112 855 140 188

200 201 254 231 bus
275 205 304 230 et
327 199 469 239 singulari
491 199 676 238 pernicitate,
700 199 749 238 qui
773 198 823 228 ubi
846 198 963 228 defendi
986 207 1018 228 se
1039 197 1131 227 velint
1154 207 1169 226 a
1192 197 1298 234 calore,
1321 207 1404 228 resu-

136 252 175 283 30
200 252 292 291 pinati
315 251 482 290 plantarum
506 260 626 281 suarum
652 249 854 289 magnitudine
877 248 1096 279 inumbrentur.
1135 247 1147 289 {l
1164 248 1272 287 Gangis
1294 248 1406 278 fontem

199 302 249 341 qui
279 302 434 338 accolunt,
465 302 575 332 nullius
606 302 640 331 ad
672 310 768 331 escam
800 301 864 340 opis
892 300 984 338 indigi
1014 299 1104 329 odore
1127 299 1227 329 vivunt
1249 307 1407 338 pomorum

198 353 375 383 silvestrium
406 353 585 392 longiusque
614 356 773 392 pergentes
803 351 903 381 eadem
928 351 975 381 illa
998 351 1027 380 in
1052 349 1197 389 praesidio
1221 354 1345 389 gerunt,
1374 354 1407 380 ut

202 404 310 434 olfactu
326 404 452 434 alantur.
492 404 571 443 quod
588 405 612 434 si
628 404 796 434 taetriorem
813 403 948 442 spiritum
972 403 1048 431 sorte
1070 401 1223 437 traxerint,
1247 400 1407 431 exanimari

136 455 172 485 31
201 465 251 485 eos
280 460 393 485 certum
418 460 470 485 est.
509 454 521 496 ss
537 455 696 495 perhibent
719 464 781 484 esse
805 458 834 484 et
856 459 974 493 gentem
999 452 1191 488 seminarum,
1222 461 1296 490 quae
1319 451 1407 490 quin-

200 516 336 545 quennes
367 507 553 546 concipiant,
584 506 634 537 sed
664 506 740 536 ultra
763 510 898 535 octavum
922 513 1033 534 annum
1056 503 1171 533 vivendi
1194 503 1322 542 spatium
1346 511 1407 532 non
1444 508 1457 515 “

135 557 174 587 32
199 558 384 596 protrahant.
423 556 434 598 ΙΙ
450 562 521 588 sunt
542 558 591 596 qui
616 556 780 587 cervicibus
803 561 905 586 carent
929 560 957 585 et
980 556 1009 585 in
1034 555 1144 585 umeris
1167 554 1278 584 habent
1300 553 1410 584 oeulos.

198 608 207 649 ss
230 614 300 639 sunt
317 609 366 648 qui
382 609 538 645 silvestres,
562 609 630 638 hirti
654 617 788 647 corpora,
812 607 926 637 caninis
950 606 1098 642 dentibus,
1122 605 1248 636 stridore
1271 605 1409 635 terrifico.

1442 203 1454 228 1
1477 206 1521 226 PL.

1444 253 1457 277 2
1479 257 1523 277 PL.
1541 249 1569 284 7,
1586 248 1627 278 25

1442 304 1456 327 3

1443 355 1456 378 4

1443 412 1457 429 D

1444 456 1458 480 6
1480 461 1526 482 PL.
1545 453 1572 487 7,
1589 452 1629 483 30

1450 515 1455 531 1

1447 557 1461 582 8
1483 561 1527 581 PL.
1545 553 1574 588 7,
1590 552 1631 583 23

1445 609 1459 633 9
1482 612 1526 632 PL.
1544 604 1572 640 7,
1589 603 1629 633 24

199 660 207 699 {l
230 660 306 700 apud
324 670 374 690 eos
389 669 470 696 vero,
494 659 602 698 quibus
617 660 652 689 ad
672 658 786 689 vivendi
809 658 954 688 rationem
979 658 1107 687 exactior
1131 666 1200 686 cura
1224 661 1277 691 est,
1300 655 1409 685 multae
1433 659 1460 684 10
1483 663 1540 684 1011.

199 720 307 741 uxores
330 712 360 741 in
385 711 515 741 eiusdem
540 711 594 740 viri
617 714 727 740 coeunt
749 709 980 744 matrimonium,
1004 713 1033 738 et
1055 717 1122 737 cum
1146 708 1268 737 maritus
1291 707 1411 736 homine
1433 710 1459 735 11

200 762 375 797 decesserit,
405 762 481 801 apud
513 761 700 801 gravissimos
729 761 839 790 iudices
862 769 943 789 suam
969 768 1102 798 quaeque
1126 759 1161 788 de
1185 758 1296 788 meritis
1318 762 1410 795 agunt
1433 762 1461 786 12

202 822 337 849 causam,
368 818 397 843 et
420 822 494 852 quae
519 812 679 842 officiosior
702 812 808 841 ceteris
831 811 977 841 sententia
1001 810 1105 840 uicerit
1127 809 1329 844 iudicantium,
1352 808 1409 838 hoc
1432 813 1459 836 13

201 865 314 904 palmae
337 865 429 894 refert
451 864 631 903 praemium,
654 867 687 892 ut
709 862 832 892 arbitrio
855 871 909 892 suo
933 861 1072 891 ascendat
1096 870 1200 900 rogum
1224 859 1358 898 coniugis
1381 864 1410 889 et
1432 864 1460 888 14

201 916 348 955 supremis
371 916 434 945 eius
457 920 550 945 seruet
572 915 665 953 ipsam
689 913 737 944 det
760 913 896 943 inferias:
919 917 1034 942 ceterae
1057 916 1127 942 nota
1150 912 1258 943 vivunt.

139 967 156 997 0³

161 966 178 996 0³

1432 915 1459 939 15

288 966 458 996 Enormitas
487 966 517 995 in
547 965 735 1005 serpentibus
764 969 844 994 tanta
874 969 933 999 est,
967 968 1000 993 ut
1029 972 1130 993 cervos
1160 967 1189 992 et
1216 961 1409 991 animantium
1433 965 1461 990 16

201 1018 255 1047 alia
284 1017 319 1048 ad
351 1027 452 1057 parem
482 1017 590 1047 molem
619 1021 679 1047 tota
708 1016 861 1052 hauriant,
890 1015 961 1054 quin
993 1015 1079 1044 etiam
1111 1022 1254 1043 oceanum
1277 1012 1409 1042 Indicum
1434 1017 1460 1041 17

203 1074 331 1108 quantus
352 1074 395 1099 est
411 1072 570 1108 penetrent
593 1068 763 1106 insulasque
787 1076 895 1106 magno
919 1066 1013 1106 spatio
1037 1075 1052 1095 a
1075 1064 1241 1095 continenti
1265 1068 1411 1102 separatas
1434 1068 1462 1092 18

203 1120 361 1159 pabulandi
379 1125 482 1159 petant
499 1119 600 1158 gratia.
640 1119 728 1157 idque
752 1119 848 1157 ipsum
872 1118 965 1157 palam
990 1121 1035 1146 est
1058 1126 1117 1145 non
1144 1115 1274 1154 qualibet
1296 1114 1409 1153 magni·
1433 1118 1461 1143 19

289 1263 393 1290 RCNH
412 1262 469 1289 ΖΜ
484 1263 595 1295 (passim
614 1264 770 1294 corruptus,
788 1260 880 1294 deficit
899 1263 972 1287 tolus
990 1258 1051 1286 inde
1070 1268 1087 1285 a
1107 1261 1120 1285 8
1140 1260 1211 1289 sunt)
1221 1256 1315 1290 QGQB)
1334 1255 1406 1283 SAP

289 1323 311 1341 2⁷.
332 1316 346 1340 2
366 1314 467 1347 Gangis
479 1329 507 1332 -—
520 1316 535 1339 6
555 1316 657 1339 certum
682 1315 724 1338 est
747 1311 888 1346 excerpsit
907 1310 998 1337 Dz'cuz'l
1016 1312 1039 1343 7,
1058 1312 1090 1335 36
1194 1318 1217 1336 v.
1238 1310 1252 1334 6
1277 1307 1452 1342 perhibent—-

202 1358 217 1383 S
238 1356 342 1383 oculos:
361 1356 462 1382 similia
480 1355 650 1390 Auqustimcs
668 1355 686 1380 l.
699 1362 721 1380 c.

295 1478 303 1500 1
320 1474 435 1506 defendi]
450 1473 528 1500 defen
543 1474 576 1501 Ca
628 1473 748 1507 supinati
761 1472 792 1504 Q,
809 1472 867 1506 def.
881 1471 913 1498 M
964 1473 978 1497 2
992 1478 1100 1497 suarum
1113 1478 1163 1496 om.
1178 1469 1223 1495 SA
1275 1468 1463 1495 inumbrantur

207 1516 234 1543 H
238 1515 297 1543 (ἶΡι
351 1519 365 1543 3
379 1517 424 1550 qui
436 1516 571 1547 accolunt]
585 1524 636 1550 que
650 1516 743 1542 colunt
754 1515 813 1542 Dic.
866 1514 946 1540 nullis
955 1513 1001 1545 Ab,
1013 1514 1103 1540 nullus
1115 1512 1145 1545 P,
1158 1511 1230 1546 quod
1243 1511 1341 1538 nullius
1352 1509 1411 1537 Dic.

206 1559 240 1586 ad
259 1567 318 1585 eum
339 1560 408 1592 opis]
428 1566 507 1586 escae
524 1566 592 1592 opus
606 1558 666 1585 Dio.
745 1557 837 1590 indigi]
854 1556 991 1589 LMQGP,
1010 1556 1098 1582 indice
1116 1555 1149 1586 R,
1168 1554 1273 1580 indicae
1291 1553 1326 1586 N,
1344 1552 1464 1585 indigent

207 1601 294 1633 CHA,
317 1602 438 1635 indigent
460 1602 506 1628 sed
529 1603 635 1628 tantum
654 1600 713 1627 Dic.
736 1599 803 1626 Ilaec
820 1600 946 1634 referens
964 1602 1081 1629 mutata,
1105 1598 1176 1623 indie
1195 1596 1216 1623 S
1275 1596 1366 1623 odoris
1385 1595 1403 1620 S

208 1645 314 1676 uiuunt]
333 1645 410 1671 ibunt
429 1644 488 1671 Dic.
507 1643 567 1675 (Dr.
587 1643 662 1674 Par.)
733 1645 748 1668 4
765 1641 804 1668 illi
823 1641 917 1668 Dicuz'l
984 1644 1014 1667 ut
1033 1649 1084 1667 om.
1105 1640 1135 1668 C¹
1206 1643 1220 1666 5
1239 1639 1325 1666 olfatu
1343 1637 1396 1664 HG

208 1688 307 1721 spitum
320 1686 343 1719 Q
411 1687 524 1713 traxerit
538 1686 568 1714 C¹
640 1685 787 1712 examinari
800 1683 873 1716 QSP
940 1686 953 1710 7
974 1683 1130 1717 concipiunt
1142 1685 1171 1710 H
1237 1683 1346 1712 annum]
1365 1687 1465 1706 anuum

207 1734 233 1756 et
256 1730 275 1755 G
354 1730 443 1763 spatia
461 1730 506 1756 SA
585 1732 598 1756 S
618 1728 787 1763 protrahant]
807 1726 886 1759 ΒΕΑ,
905 1726 1066 1760 protrahunt
1085 1724 1267 1758 CNHLQGP,
1286 1725 1338 1750 inc.
1357 1722 1391 1749 M

207 1772 278 1798 inter
302 1772 427 1799 humeros
446 1775 475 1800 H
543 1775 558 1798 9
581 1772 636 1806 qui]
655 1778 724 1805 quae
743 1772 771 1798 H
838 1769 975 1795 siluestria
991 1768 1041 1795 ΒΟ
1111 1770 1141 1794 11)
1159 1768 1289 1797 exactior]
1308 1763 1465 1799 perpensior

207 1813 252 1840 SA
343 1817 369 1840 11
396 1815 504 1841 homine
528 1823 579 1841 om.
597 1813 701 1841 RCNH
794 1814 823 1838 12
849 1820 898 1838 sua
916 1811 937 1838 S
1023 1811 1126 1837 maritis
1145 1812 1174 1837 H
1261 1812 1291 1835 13
1310 1806 1464 1837 officiosior]

209 1856 383 1890 CLQGSAP,
403 1857 493 1884 officio
506 1857 570 1889 RH,
589 1857 683 1883 oficior
696 1855 730 1886 N,
750 1856 801 1881 ino.
817 1854 852 1880 M
913 1856 1017 1880 ceteras
1036 1855 1063 1880 H
1125 1852 1267 1883 sententia]
1287 1848 1464 1882 RbHLQBP,

209 1900 369 1926 sententiam
388 1899 563 1931 RaCNGSA‚
588 1900 638 1925 inc.
659 1897 689 1924 M
757 1897 876 1923 iudicum
895 1896 991 1922 uicerit
1009 1895 1081 1922 SAP
1151 1897 1182 1921 14
1200 1894 1332 1921 arbitratu
1351 1892 1396 1918 SA

211 1945 240 1969 15
261 1944 334 1974 nota]
354 1950 413 1969 cum
432 1946 497 1968 nota.
515 1944 542 1969 H
610 1941 707 1967 uiuant
725 1938 811 1972 LQG,
834 1939 886 1965 inc.
907 1938 936 1965 M
1009 1940 1039 1963 16
1058 1945 1136 1964 cerus
1154 1936 1226 1964 Καθ’
1299 1936 1464 1962 animantum

209 1984 360 2017 RCJVQAP
464 1987 492 2010 17
518 1986 623 2018 patrem
642 1983 667 2009 Ρ
768 1984 836 2013 tota]
856 1984 929 2007 mota
947 1980 1008 2012 Rc,
1033 1989 1085 2007 om.
1104 1979 1159 2006 NH
1266 1981 1295 2004 IS
1314 1976 1464 2011 penetrent]

209 2037 257 2063 per
283 2031 311 2056 H
430 2027 595 2060 insulasque]
619 2029 646 2052 et
670 2025 772 2052 insulas
797 2032 865 2058 quae
889 2023 924 2056 Q,
949 2023 1140 2056 insulas'quas
1166 2024 1204 2053 H,
1230 2021 1332 2048 insulas
1355 2020 1415 2052 SA,
1439 2023 1466 2046 et

210 2072 293 2098 siluas
313 2070 339 2097 P
441 2072 546 2102 magno]
565 2068 719 2102 longissimo
739 2067 811 2094 SAP
913 2074 929 2093 a
948 2075 999 2093 om.
1018 2064 1124 2092 RCNH
1225 2065 1345 2091 continet
1363 2066 1391 2091 H

214 2116 243 2140 19
261 2113 410 2147 populandi
423 2112 528 2140 RCNH
591 2113 687 2145 petunt
699 2110 721 2142 Q
785 2110 865 2143 idque
880 2131 884 2136 .
898 2130 903 2135 .
920 2130 925 2135 .
943 2111 998 2141 189,
1014 2111 1023 2134 1
1040 2108 1149 2135 euenire
1167 2107 1269 2138 (uenire
1288 2105 1407 2139 LQGP1)
1426 2107 1465 2136 ut]

211 2156 281 2190 quod
305 2164 394 2182 coram
418 2159 459 2181 est
483 2154 605 2189 potentia
623 2153 805 2188 amplissimae
823 2151 1014 2186 magnitudinis
1032 2150 1091 2177 fieri
1111 2158 1163 2183 qua.
1181 2149 1265 2176 81411Η
1368 2148 1466 2182 palam]

210 2198 337 2233 pabulam
358 2198 379 2230 Q
