1593 2409
819 128 857 156 67

137 226 179 245 ri„
221 222 233 245 1
257 217 322 246 dem
349 221 378 245 et
400 217 559 256 concipere
584 222 612 245 et
635 225 740 255 parere
765 221 791 245 et
816 215 1051 255 parturientibus
1075 216 1211 254 opitulari
1239 218 1312 244 l'ama
1342 215 1464 253 prodiga

223 273 236 296 2
260 273 312 297 est.
359 268 437 297 circa
462 268 591 297 Tiresiae
615 267 783 306 sepulcrum
809 267 953 306 plurimus
977 267 1136 296 invenitur.

38 327 81 347 PL.
99 320 128 353 4,
146 320 184 348 40
223 324 237 347 3
318 317 328 359 ΙΙ
352 319 437 348 Nunc
475 319 503 347 in
533 318 686 348 Thraciam
716 319 797 348 locus
827 327 950 357 pergere
980 323 1009 346 et
1037 318 1071 346 ad
1107 318 1295 347 validissimas
1327 317 1464 356 Europae
1491 315 1540 352 10,
1571 320 1580 346 l

124 378 184 398 501„
223 375 236 399 4
260 375 364 406 gentes
389 370 449 399 vela
474 370 636 399 obvertere.
687 368 697 409 ss
721 379 793 407 quas
817 369 866 407 qui
891 369 993 398 sedulo
1018 369 1145 407 experiri
1169 369 1274 404 velint,
1302 379 1361 398 non
1390 369 1466 398 disfi-

224 428 237 450 5
262 421 356 450 culter
379 421 604 460 deprehendent
627 420 790 450 Thracibus
814 420 947 449 barbaris
976 420 1072 449 inesse
1104 424 1308 458 contemptum
1337 421 1410 449 vitae
1434 430 1468 449 ex

4 472 153 507 muza,
168 473 185 502 3
224 477 238 501 ss
262 474 385 510 quadam
411 472 535 501 naturali
559 471 718 510 sapientiae
742 471 905 509 disciplina.
945 469 956 510 ΙΙ
974 470 1155 500 concordant
1181 480 1285 500 omncs
1308 472 1341 500 ad
1367 471 1468 500 imeri·
1493 471 1510 499 2

224 529 237 552 7
260 528 320 552 tum
338 523 544 558 voluntarium,
563 522 631 551 dum
650 522 786 551 nonnulli
804 531 905 551 eorum
919 526 1027 560 putant
1042 522 1215 551 obeuntium
1229 523 1340 552 animas
1353 523 1467 558 reverti,

224 580 238 604 S
261 575 308 604 alii
334 584 393 603 non
419 574 560 612 extingui,
584 573 634 603 sed
652 573 751 603 beatas
768 574 859 612 magis
876 574 948 603 [ieri.
987 574 1063 612 apud
1084 574 1228 613 plurimos
1246 574 1380 602 luctuosa
1397 578 1465 603 sunt

223 632 237 655 9
262 626 433 665 puerperia,
458 625 586 663 denique
610 634 715 654 recens
740 629 841 654 natum
866 625 933 654 fletu
958 634 1066 664 parens
1090 625 1213 663 excipit:
1244 629 1465 654 contraversum
1491 625 1509 654 3

4 676 185 712 ³151„.2‚2,4
210 682 237 706 10
260 677 332 706 laeta
356 681 423 706 sunt
449 677 552 705 funera
576 676 659 711 adeo,
684 680 715 705 ut
738 681 890 714 exemptos
913 676 1026 714 gaudiis
1042 681 1273 714 prosequantur.
1313 675 1323 715 Η
1341 685 1466 705 uxorum

211 733 237 757 11
264 737 387 757 numero
411 737 442 757 se
464 728 518 756 viri
543 727 652 757 iactant
682 731 710 756 et
740 727 864 756 honoris
891 727 956 756 loco
986 727 1117 756 iudicant
1140 727 1293 766 multiplex
1316 727 1467 756 matrimo-

211 784 239 808 12
263 779 354 808 nium.
399 788 474 817 quae
498 779 625 808 feminae
649 783 768 807 tenaces
791 783 861 807 sunt
888 778 1063 817 pudicitiae⁷
1094 779 1229 808 insiliunt
1259 778 1468 807 defunctorum

211 835 237 858 13
261 839 348 868 rogos
372 830 531 868 coniugum
557 834 601 865 et,
633 830 710 868 quod
735 829 895 858 maximum
920 829 1036 867 insigne
1061 830 1174 859 ducunt
1197 830 1351 864 castitatis,
1382 839 1468 868 prae-

212 886 238 910 14
261 881 365 919 cipites
394 881 423 909 in
456 881 586 910 flammas
610 885 690 909 cunt.
731 885 877 919 nupturae
903 890 962 909 non
988 885 1143 918 parentum
1168 880 1289 909 arbitrio
1314 886 1470 911 transeunt
1494 883 1512 911 4

210 937 237 961 15
259 932 295 961 ad
324 932 461 967 maritos,
491 932 541 961 sed
572 941 647 970 quae
677 941 747 970 prae
777 931 840 961 aliis
870 931 968 970 specie
996 931 1095 960 valent
1123 931 1288 961 subhastari
1318 932 1419 962 volunt
1442 937 1469 962 et

210 989 237 1013 16
259 983 376 1013 licentia
408 983 564 1012 taxationis
587 982 711 1012 admissa
737 992 795 1011 non
820 982 953 1012 moribus
978 982 1112 1018 nubunt,
1142 984 1191 1012 sed
1216 983 1367 1021 praemiis:
1399 992 1471 1021 quas

211 1040 238 1064 17
263 1035 373 1064 formae
390 1035 499 1073 premit
516 1035 653 1068 dedecus,
677 1033 796 1063 dotibus
819 1039 923 1063 emunt
946 1034 1055 1072 quibus
1077 1034 1308 1073 coniungantur.
1347 1040 1471 1073 uterque
1496 1036 1514 1064 5

210 1091 237 1115 18
260 1094 347 1115 sexus
364 1085 518 1125 epulantes
534 1086 616 1114 focos
640 1084 783 1119 ambiunt,
807 1085 965 1115 herbarum
989 1094 1062 1123 quas
1085 1085 1195 1114 habent
1217 1085 1329 1114 semine
1353 1085 1472 1124 ignibus

210 1142 238 1165 19
261 1137 439 1175 superiacto,
463 1135 546 1165 cuius
563 1135 667 1164 nidore
683 1135 812 1174 perculsi
829 1145 882 1174 pro
904 1136 1013 1165 laetitia
1038 1135 1149 1165 habent
1171 1136 1277 1166 imitari
1301 1137 1471 1166 ebrietatem

128 1221 136 1226 ⁷.
211 1192 238 1216 20
261 1187 397 1217 sensibus
421 1187 567 1217 sauciatis.

6 1272 32 1292 m
60 1264 76 1293 4
96 1221 186 1293 4504ιὲ
213 1243 239 1266 21
310 1237 391 1277 ΙΙἨθ
420 1238 478 1267 ritu
507 1238 561 1267 ista
593 1242 679 1273 sunt,
709 1237 745 1267 de
769 1237 841 1266 locis
864 1242 893 1266 et
916 1237 1034 1276 populis
1058 1247 1132 1276 quae
1156 1243 1307 1267 secuntur.
1362 1237 1372 1277 ΙΙ
1391 1238 1473 1277 Stry·
1497 1239 1515 1268 6

34 1285 49 1291 ..
81 1285 87 1298 ,
140 1285 145 1291 .

299 1328 402 1355 RCNH
421 1327 551 1360 LMGffli
570 1327 643 1355 SAP

298 1388 320 1406 v.
341 1381 355 1405 5
375 1379 526 1406 Thracibus
549 1380 574 1405 b.
594 1380 611 1406 i.
631 1388 653 1406 c.
674 1388 697 1405 v.
717 1380 854 1415 expressit
874 1379 986 1414 Capella
1000 1382 1024 1412 6,
1039 1382 1088 1406 656
1179 1389 1198 1406 v.
1221 1382 1249 1406 21
1272 1380 1474 1414 Strymonem—

211 1423 254 1454 68,
267 1424 282 1446 6
300 1421 424 1448 nationes
443 1422 471 1447 in
490 1422 681 1457 compendium
700 1422 864 1457 redeqerunt
886 1422 997 1457 Capella
1010 1424 1034 1454 6,
1048 1425 1097 1448 656
1117 1427 1142 1449 et
1166 1422 1292 1449 Isidorus
1309 1426 1347 1453 14,
1360 1427 1384 1454 4,
1398 1425 1421 1449 6.

302 1502 309 1524 1
332 1501 359 1524 et
376 1502 482 1532 parere]
497 1498 516 1524 I
530 1499 703 1531 (RCNHAP,
723 1504 750 1526 et
767 1508 864 1534 parare
884 1500 914 1531 S)
932 1508 992 1526 cum
1012 1499 1167 1532 Prz'scz'a110,
1185 1510 1236 1527 om.
1256 1500 1292 1526 II
1307 1500 1406 1533 (LMG)

213 1544 241 1567 et
259 1541 472 1575 parturientibus
491 1544 575 1575 (pert-
589 1541 625 1574 Ν)
645 1550 688 1576 op.
703 1546 772 1577 pose
790 1546 830 1568 est
842 1544 865 1569 A
921 1545 935 1568 2
955 1543 1028 1569 circa
1046 1543 1153 1569 tiresiae
1172 1545 1235 1574 (ter-
1253 1543 1293 1573 M)
1308 1564 1314 1569 .
1329 1563 1335 1569 .
1351 1564 1356 1569 .
1370 1544 1473 1570 inueni-

213 1588 258 1609 tur
273 1591 323 1609 om.
341 1583 361 1609 G
415 1586 429 1609 3
448 1587 513 1610 tunc
531 1585 675 1611 ‘Illiniatore
693 1589 803 1611 errante
815 1584 842 1610 P
892 1585 1032 1616 thraciam]
1046 1586 1078 1616 A,
1098 1586 1249 1617 tracffifiam
1264 1585 1291 1611 H
1296 1585 1350 1617 NS,
1369 1586 1474 1613 thracia

214 1624 326 1656 LMGP,
339 1625 442 1652 thracie
452 1626 503 1653 Rc
543 1627 628 1658 locus]
642 1627 730 1653 locum
741 1626 774 1657 R,
788 1627 861 1654 locos
873 1627 905 1654 (32
948 1628 982 1653 ad
995 1636 1046 1654 om.
1059 1630 1086 1654 H
1129 1630 1144 1653 -l
1159 1629 1191 1654 oh
1206 1637 1256 1654 om.
1268 1627 1302 1653 P¹
1348 1629 1473 1662 experiri]

214 1668 333 1702 expediri
360 1667 421 1699 NS,
445 1669 570 1702 expedire
589 1671 615 1696 H
684 1670 750 1695 uelit
768 1670 791 1695 Α
862 1669 997 1696 dificulter
1016 1670 1050 1701 S,
1074 1670 1217 1697 tlifficultet
1236 1670 1270 1696 L¹
1341 1675 1354 1697 5
1380 1672 1473 1704 depre-

214 1711 314 1737 hendet
326 1710 356 1742 S,
376 1711 567 1745 depraehendit
580 1713 603 1738 A
657 1714 698 1743 ex]
717 1714 744 1738 et
762 1720 794 1738 ex
808 1711 905 1739 RCNS
957 1715 971 1738 6
992 1713 1116 1746 quadam]
1135 1721 1189 1746 qua
1205 1715 1240 1744 H,
1259 1714 1374 1747 quodam
1394 1714 1423 1740 M

214 1753 340 1785 naturali]
360 1752 493 1780 naturalis
513 1752 549 1779 H
563 1753 690 1786 (LMGP)
795 1755 944 1788 sapientiae
962 1763 1012 1781 om.
1031 1757 1054 1782 Α
1159 1756 1328 1789 disciplinam
1349 1757 1371 1782 (i

216 1798 229 1822 S
243 1796 376 1827 luctuosa]
391 1796 476 1823 luctui
490 1798 517 1823 H
564 1799 578 1823 9
592 1804 686 1823 recens
700 1804 752 1823 om.
766 1798 801 1823 A¹
850 1797 956 1831 excepit
969 1796 1000 1823 M
1057 1801 1083 1824 11)
1103 1798 1196 1824 fenera
1209 1798 1237 1824 Ν
1287 1799 1385 1831 gaudio
1400 1802 1422 1825 Α

214 1846 324 1865 uxorem
338 1838 368 1865 M
424 1841 449 1864 11
472 1847 501 1865 se
520 1839 579 1870 uiri]
598 1839 686 1866 securi
700 1839 725 1866 R
778 1840 902 1866 iactitant
917 1842 945 1866 H
996 1840 1093 1867 honori
1108 1841 1197 1871 Cffl'S,
1217 1841 1311 1867 honeri
1327 1841 1352 1867 R
1405 1841 1473 1868 iudi-

215 1882 287 1912 cant]
306 1881 440 1907 iudicatur
458 1881 521 1913 LP,
540 1882 643 1908 ducunt
661 1882 684 1908 Α
737 1890 772 1909 m.
791 1885 835 1913 m]
854 1882 1059 1909 redundantiam
1078 1884 1220 1916 coniugum
1240 1883 1303 1909 AP²
1354 1884 1476 1910 insiliunt

214 1923 316 1955 (-luunt
334 1922 374 1955 M)
398 1924 423 1950 d.
450 1931 472 1950 r.
499 1926 533 1955 c.]
558 1924 611 1950 def.
635 1925 685 1951 ins.
709 1925 866 1951 maritorum
885 1933 964 1958 rogos
983 1927 1020 1957 A,
1042 1926 1164 1952 insiliunt
1182 1926 1236 1954 def.
1256 1926 1377 1953 insiliunt
1394 1927 1474 1952 mari-

215 1967 303 1992 torum
322 1974 401 2000 rogos
421 1967 564 1999 coniugum
578 1966 604 1992 P
666 1969 695 1993 13
715 1967 826 1998 ducunt]
846 1967 946 1994 habent
964 1969 987 1994 Α
1049 1968 1246 2002 praecipientes
1265 1968 1290 1994 R
1356 1972 1384 1994 14
1402 1969 1474 1995 arbi-

217 2011 290 2034 tratu
305 2009 328 2034 A
401 2012 430 2034 15
449 2011 527 2043 quae]
547 2016 599 2042 qua
620 2009 650 2041 G,
668 2017 720 2036 om.
740 2009 763 2035 L
833 2018 898 2044 prae
916 2010 984 2041 aliis]
1005 2010 1161 2041 HbLMGP,
1180 2018 1246 2044 prae
1265 2011 1332 2036 alias
1353 2010 1474 2038 6¹²NJIS.

216 2051 332 2083 praelias
348 2051 387 2082 C¹‚
406 2051 491 2085 prelia
504 2051 538 2083 R,
557 2059 623 2085 prae
637 2052 732 2078 ceteris
745 2054 777 2081 Α,
796 2060 846 2085 pro
859 2052 919 2079 aliis
933 2055 973 2079 Ha
1026 2053 1181 2079 subuastari
1194 2052 1228 2085 R,
1248 2053 1386 2079 suburrari
1399 2054 1422 2078 Α

218 2095 248 2119 16
271 2093 371 2119 amissa
389 2093 414 2120 R
501 2102 554 2121 non
579 2103 613 2120 m.
640 2094 747 2121 nubunt
765 2096 876 2126 (nubent
895 2095 929 2127 R)
948 2095 996 2121 sed
1014 2103 1055 2128 pr.
1075 2096 1134 2126 (sed
1154 2103 1194 2129 pr.
1214 2104 1265 2121 om.
1286 2094 1340 2125 [ΗΠ
1360 2103 1400 2128 pr.
1420 2103 1473 2121 non

217 2142 251 2160 m.
270 2136 334 2162 nub.
353 2137 377 2161 Α
462 2139 489 2162 Π
510 2137 592 2163 decus
615 2136 693 2163 ΗΜΘ
774 2137 954 2170 coniugentur
972 2137 1034 2169 ΜΟ,
1055 2138 1250 2170 coniungentur
1269 2137 1389 2168 RJWSA,
1409 2145 1472 2163 con-

218 2176 343 2209 iugentur
363 2178 391 2209 C,
410 2178 587 2212 coniungetur
605 2179 643 2206 Ra
712 2182 741 2205 19
762 2180 898 2213 superiato
918 2182 945 2207 H
1009 2180 1094 2206 nitore
1113 2180 1138 2206 R
1203 2183 1231 2205 21
1253 2180 1315 2210 ista]
1334 2180 1371 2206 ita
1391 2179 1423 2206 (5⁰

219 2220 250 2244 22
269 2219 386 2253 populis]
405 2220 438 2247 de
456 2229 482 2254 p.
505 2223 525 2247 Α

1421 2247 1440 2259 Q

1234 2266 1269 2290 5*
