1706 2446
796 77 856 106 199

125 190 170 210 PL.
208 183 220 208 1
244 180 338 207 morte
355 173 510 204 multatur:
536 173 710 201 nontamen
735 170 768 196 ut
790 164 964 202 cuiusquam
989 164 1162 191 attrectetur
1185 167 1285 193 manu,
1308 155 1359 186 sed
1383 162 1457 183 con·
1480 147 1531 184 53,
1558 146 1596 178 18

214 235 228 259 2
250 236 339 258 sensu
363 225 482 265 publico
505 230 605 252 rerum
629 218 760 249 omnium
785 215 940 246 interdicta
964 214 990 243 ei
1014 212 1165 243 facultate:
1196 209 1283 239 etiam
1307 203 1459 243 conloquii

216 286 230 309 3
253 283 382 319 potestas
411 275 515 316 punito
546 273 720 310 denegatur.
759 268 891 298 culturae
917 265 1039 296 student
1061 261 1200 293 universi.
1237 257 1391 289 venatibus
1415 255 1461 285 in-

216 338 231 361 4
253 331 377 369 dulgent
407 336 461 357 nec
491 324 621 364 plebeias
650 325 742 360 agunt
768 318 904 359 praedas,
935 316 1047 355 quippe
1076 323 1144 344 cum
1173 311 1294 350 tigrides
1323 312 1373 338 aut
1403 306 1462 335 ele-

219 390 232 412 5
256 380 357 421 phanti
391 382 505 408 tantum
540 374 739 413 requirantur.
788 370 878 401 maria
909 376 1028 407 quoque
1056 363 1271 405 piscationibus
1301 359 1467 398 inquietant

221 440 236 463 6
257 432 446 468 marinasque
474 426 638 457 testudines
664 431 770 463 capere
793 421 937 461 gaudent,
967 425 1090 457 quarum
1114 419 1194 445 tanta
1218 418 1263 443 est
1286 408 1466 449 magnitudo,

221 492 235 515 τ
258 489 291 514 ut
319 479 490 521 superficies
514 486 614 507 earum
638 476 757 505 domum
782 472 868 502 saciat
892 475 920 500 et
944 476 1134 499 numerosam
1158 464 1296 495 familiam
1321 471 1382 491 non
1406 465 1468 489 arte

221 542 236 567 8
258 537 398 574 receptet.

127 599 184 620 iou.
223 594 237 617 t)
338 584 349 624 ΙΙ
367 583 459 613 Maior
475 590 543 621 pars
560 577 673 609 insulae
696 576 784 606 huius
807 574 905 605 calore
928 572 1062 603 ambusta
1086 575 1130 599 est
1152 572 1181 598 et
1203 567 1233 596 in
1256 570 1351 595 vastas
1373 561 1472 593 deficit

37 653 81 673 1¹1,-
99 643 128 677 6,
146 641 184 672 87
210 644 237 668 10
260 635 442 668 solitudines.
486 630 498 672 ss
519 631 594 660 latus
623 629 686 658 eius
710 636 790 657 mare
813 626 904 656 adluit
926 622 1066 664 perviridi
1089 620 1189 650 colore
1213 618 1406 651 fruticosum,
1435 612 1473 642 ita

38 704 81 724 PL.
99 695 128 729 6,
145 692 185 723 88
210 695 236 719 11
259 693 292 719 ut
308 687 394 718 iubae
409 683 548 714 arborum
573 681 748 720 plerumque
772 676 983 717 gubernaculis
1006 677 1181 704 atterantur.
1219 669 1231 710 ss
1248 671 1378 699 cernunt
1399 666 1474 695 latus

39 755 84 774 PL.
102 745 131 779 6,
149 743 188 775 89
213 746 240 770 12
263 739 396 769 Sericum
416 735 451 765 de
475 733 621 764 montium
645 738 766 761 suorum
790 729 876 768 iugis.
915 726 926 766 ss
943 727 1090 756 mirantur
1112 732 1216 753 aurum
1241 726 1271 751 et
1293 719 1328 749 ad
1353 716 1476 756 gratiam

20 833 54 853 PL
82 824 101 854 9
130 820 190 851 106
215 796 242 821 13
264 789 440 830 poculorum
457 785 590 815 omnium
607 790 790 822 gemmarum
813 779 954 809 adhibent
975 780 1159 817 apparatum.
1204 775 1307 802 secant
1329 775 1476 798 marmora

58 845 64 852 ‘
104 845 111 857 '
132 863 190 894 107
215 848 243 872 14
265 840 432 872 testudinea
447 837 595 867 varietate.
634 833 645 873 ΙΙ
664 831 835 871 margaritas
851 831 954 867 legunt
970 828 1110 867 plurimas
1126 825 1336 861 maximasque.
1375 817 1387 859 ss
1405 827 1477 848 con-

218 899 245 923 15
268 893 339 923 chae
362 895 447 926 sunt,
471 889 501 918 in
527 886 634 926 quibus
657 884 713 913 boc
737 892 831 922 genus
853 881 983 920 lapidum
1007 877 1179 918 requiritur,
1203 883 1279 914 quae
1303 876 1384 902 certo
1408 868 1479 899 anni

219 950 247 975 16
270 949 403 982 tempore
419 939 588 970 luxuriante
604 938 751 973 conceptu
775 933 879 963 sitiunt
901 940 998 961 rorem
1022 930 1101 960 velut
1123 927 1273 961 maritum,
1297 924 1381 954 cuius
1405 920 1481 950 desi-

222 1001 248 1025 17
271 994 352 1025 derio
369 993 467 1022 hiant:
492 995 520 1019 et
537 997 603 1018 cum
621 986 745 1016 maxime
761 984 883 1023 liquitur
897 983 1010 1012 lunaris
1029 980 1134 1015 imber,
1158 976 1333 1008 oscitatione
1357 972 1481 1012 quadam

224 1052 251 1077 18
272 1045 415 1076 hauriunt
426 1050 560 1073 umorem
577 1038 725 1077 cupitum:
742 1037 784 1066 sic
800 1035 974 1074 concipiunt
989 1031 1183 1071 gravidaeque
1200 1029 1285 1058 fiunt.
1316 1026 1351 1055 de
1367 1023 1486 1063 saginae

224 1104 251 1128 19
274 1097 412 1137 qualitate
435 1093 564 1124 reddunt
586 1089 703 1119 habitus
725 1088 885 1118 unionum:
917 1094 983 1115 nam
1008 1084 1031 1114 si
1054 1090 1163 1122 purum
1187 1079 1276 1109 suerit
1299 1077 1379 1116 quod
1403 1083 1486 1105 acce-

313 1228 435 1263 [R]CNH
449 1224 620 1260 [Lfflmfflffl
639 1222 727 1254 SAP;
745 1222 834 1248 Anon.
853 1220 929 1247 Leid.
948 1219 976 1251 (l.
996 1222 1029 1250 c.)

314 1290 338 1309 v.
364 1283 395 1307 14
418 1278 577 1312 margaritas
592 1291 624 1294 —
639 1276 698 1307 200,
719 1276 750 1300 14
774 1273 867 1300 datum
890 1270 1046 1306 compilavit
1071 1266 1198 1295 Isidorus
1217 1266 1256 1296 16,
1277 1266 1315 1294 10,
1338 1264 1364 1295 1;
1390 1258 1491 1287 similia

232 1326 388 1354 Ammianus
401 1325 442 1355 23,
456 1324 480 1353 6,
494 1323 534 1347 85.
549 1321 590 1346 86.

323 1418 333 1440 1
354 1414 522 1440 adtractetur
540 1409 600 1441 SA,
622 1408 757 1434 arteratur
774 1405 830 1435 [HL
849 1402 984 1428 atteratur
1002 1396 1078 1423 Leid.
1093 1395 1178 1421 Bern.
1274 1396 1369 1416 manus
1389 1387 1410 1414 S

236 1461 251 1486 2
269 1457 380 1492 publico
405 1453 524 1489 (pliblico
543 1451 581 1483 N)
598 1451 697 1480 rerum]
716 1446 885 1480 publicorum
905 1442 961 1474 [RD]
980 1443 1062 1471 (recte
1082 1436 1151 1469 [Hah
1254 1432 1399 1459 interdicta
1416 1429 1441 1456 ei
1459 1429 1497 1460 (et

237 1501 291 1533 [RL
310 1507 360 1526 om.
380 1499 433 1530 *Η)
451 1495 592 1526 facultate]
611 1490 781 1519 interdicitur
800 1488 823 1514 ei
841 1486 959 1513 facultas
979 1481 1051 1509 SAP
1154 1481 1168 1505 3
1188 1480 1302 1511 negatur
1319 1472 1399 1504 SAP,
1417 1472 1497 1498 dene-

238 1546 316 1577 getur
335 1544 375 1568 Η’ι
479 1537 586 1564 suident
606 1536 626 1561 G
730 1533 803 1562 uen]
821 1528 956 1556 interdum
975 1533 1035 1552 uen.
1057 1522 1131 1550 SAP
1232 1522 1248 1545 4
1266 1520 1325 1549 nec]
1343 1523 1377 1543 ne
1395 1514 1418 1547 Q

239 1586 321 1620 tigres
340 1582 438 1614 SAP¹‚
461 1580 572 1614 trigides
591 1577 613 1610 Q
718 1578 732 1601 5
756 1575 823 1609 pise.
847 1573 911 1604 inq]
930 1567 1102 1602 sagacissime
1121 1563 1295 1598 expiscantur
1313 1558 1396 1587 ΒΑΡι

240 1632 253 1655 7
273 1626 440 1661 superfaeies
460 1625 495 1655 G,
517 1621 665 1656 superfices
685 1618 706 1650 Q
794 1622 886 1642 eorum
906 1614 951 1645 [H]
1039 1613 1053 1635 1)
1082 1608 1172 1635 colore
1191 1604 1267 1637 Nili]
1357 1604 1387 1627 10
1410 1599 1500 1634 perui-

240 1672 298 1698 ride
311 1670 332 1696 S
434 1666 612 1693 fructicosum
625 1662 703 1694 [R]A‚
721 1659 892 1686 fructuosum
911 1654 987 1687 [H]B
1088 1653 1114 1677 11
1137 1649 1303 1683 plerumque]
1322 1652 1374 1679 que
1392 1643 1417 1670 R

242 1714 325 1742 latius
344 1710 461 1744 [RJCNS
549 1709 579 1734 12
602 1708 628 1732 et
646 1712 697 1731 om.
716 1704 763 1735 [H]
851 1699 884 1726 ad
903 1702 929 1729 (a
948 1697 987 1729 N,
1006 1704 1058 1723 om.
1080 1695 1110 1724 (ι’)
1130 1691 1243 1726 gratiam
1262 1689 1323 1721 (-tia
1341 1686 1399 1718 NS)
1418 1692 1503 1720 pocu-

245 1758 331 1784 lorum
358 1753 529 1788 (populorum
550 1750 580 1782 G)
605 1756 628 1774 e.
654 1755 678 1780 g.
702 1754 726 1772 a.
752 1744 923 1778 apparatum]
946 1738 1046 1774 poeula
1063 1735 1173 1770 gemmis
1191 1732 1342 1767 igniculant
1361 1729 1398 1755 Ρ2

247 1803 278 1826 14
297 1796 438 1829 uarietate]
457 1796 567 1821 uaetate
585 1791 614 1817 N
698 1786 851 1821 margaritis
871 1784 897 1811 N
982 1781 1084 1814 lagunt]
1103 1779 1195 1805 lecunt
1212 1775 1253 1802 vel
1271 1775 1358 1800 letunt
1377 1771 1420 1804 [R]

246 1842 415 1874 maximaque
433 1837 487 1869 SP,
505 1835 692 1866 maximaeque
709 1831 732 1858 Α
789 1831 816 1855 15
842 1827 948 1861 quibus]
973 1832 1025 1858 quo
1044 1823 1067 1849 Α
1119 1821 1172 1847 hoc
1189 1826 1274 1852 genus
1293 1816 1412 1850 lapidum
1430 1812 1508 1846 (lapi-

248 1885 327 1912 deum
346 1884 416 1915 [Hah
436 1889 486 1907 om.
505 1879 547 1906 P¹
582 1876 736 1910 requiritur]
755 1871 904 1906 requiuitur
923 1868 961 1899 M,
980 1865 1169 1900 repperiuntur
1189 1861 1260 1893 812¹,
1279 1858 1438 1893 repperiunt
1450 1856 1473 1882 Α

249 1935 320 1954 anno
339 1925 360 1952 S
449 1925 480 1950 16
498 1929 585 1949 rorem
605 1927 656 1946 om.
676 1917 720 1949 [R]
808 1913 932 1940 maritam
951 1910 971 1937 S
1058 1907 1145 1937 cuius]
1166 1912 1225 1932 cum
1244 1904 1301 1934 eius
1319 1900 1354 1928 M
1438 1899 1508 1928 cum]

250 1970 305 1996 uim
319 1968 340 1995 S
394 1970 422 1993 17
441 1965 553 1999 liquitur
570 1961 699 1995 (loquitur
711 1959 763 1991 [LD
782 1955 884 1983 lunaris
902 1953 995 1984 imber]
1010 1950 1028 1978 I
1044 1948 1212 1983 ([R]CN*H)
1231 1949 1257 1973 et
1270 1944 1307 1971 II
1321 1940 1511 1975 ([L]MOGI''²),

251 2012 359 2039 lunares
383 2010 524 2043 liquuntur
546 2003 701 2038 aspergines
722 1999 775 2027 III
788 1998 879 2031 (SAP)
902 2004 961 2023 cum
980 1994 1139 2021 Ammiano:
1162 1996 1269 2018 umores
1293 1996 1326 2014 ex
1350 1984 1439 2012 lunari
1464 1983 1512 2010 ad-

253 2053 377 2088 spergine
396 2051 507 2086 capiunt
614 2049 643 2073 18
663 2046 774 2071 humore
788 2042 809 2074 Q
914 2037 1088 2071 concupitum
1102 2034 1128 2060 N
1232 2029 1399 2063 concupiunt
1419 2025 1447 2053 Ν

256 2097 299 2128 de]
322 2097 349 2122 et
372 2095 404 2122 de
423 2094 456 2127 S,
481 2100 514 2119 ac
538 2091 571 2118 de
589 2089 640 2116 ΑΡ
742 2085 863 2118 saginae]
881 2081 1012 2115 sanguine
1030 2078 1052 2112 Q
1159 2078 1188 2102 10
1208 2074 1364 2108 qualitatem
1383 2069 1411 2096 N

257 2139 377 2165 uniorem
396 2136 418 2169 Q
487 2133 578 2165 fuerit]
595 2131 647 2158 fuit
666 2129 739 2157 SAP
806 2124 961 2159 acceperint
980 2118 1194 2155 [RicuvbMQGB
1202 2116 1292 2148 Lem„
1311 2112 1446 2147 acceperit
1467 2110 1516 2143 Nu,

257 2181 421 2214 acceperunt
439 2180 495 2210 [HL
513 2176 676 2209 acceperant
693 2170 766 2199 SAP

1563 250 1600 281 19

1564 352 1604 381 20

1569 557 1609 587 21

1574 710 1616 740 22

1576 812 1617 843 23

1584 1017 1625 1047 24
