1593 2409
654 99 785 128 XXXVII

88 200 128 232 36
151 197 312 228 Vossianus
337 195 372 229 Q.
398 195 438 225 56
462 201 537 222 saec.
566 189 627 224 XII,
652 187 822 226 inscriptio:
847 185 946 223 incipit
970 186 1110 212 tractatus
1136 179 1158 209 Ι.
1183 178 1212 207 S.
1237 178 1269 207 de
1291 186 1348 206 me-

215 246 375 279 moralibus
396 244 499 275 mmidi
521 242 612 272 editus
640 239 775 269 mandato
813 236 961 266 Theodosii
984 233 1140 273 principi&
1171 228 1350 267 subscriptio

217 298 438 329 Theodosiana:
476 293 592 333 empticit
627 291 750 330 feliciter
786 288 881 318 studia
914 283 980 327 [sic]
1020 290 1045 315 et
1076 283 1225 320 diliyentia
1255 280 1355 309 domni

221 350 354 380 Thodosii
382 344 445 388 [sic]
475 345 659 375 invictissimi
684 342 834 381 principis.
881 338 1020 368 adhaeret
1052 335 1154 364 notitia
1185 333 1220 361 de
1249 331 1354 360 insulis

216 401 304 432 maris
327 396 567 439 septentrionalis
590 394 699 434 pariter
722 397 811 430 atque
828 390 856 419 in
875 387 1034 418 Havniensi
1053 396 1081 415 n.
1100 387 1161 416 443
1184 384 1260 420 (vide
1277 382 1355 411 infra

218 464 248 493 p.
266 453 349 490 236).
388 449 522 488 sequitur
544 449 605 477 sere
628 443 908 480 Heidelbergensem
933 438 1046 468 habens
1073 436 1304 466 additamentum
1329 433 1355 461 ei

220 505 373 545 proprium
391 512 420 541 p.
440 501 509 535 102,
531 500 584 533 14;
607 497 657 527 sed
681 495 789 525 adsunt
812 490 1060 530 interpolationes
1083 498 1116 517 ex
1142 486 1245 516 ordine
1269 484 1356 513 tertio

220 557 333 590 ductae,
356 557 390 583 ut
412 563 441 591 p.
460 552 529 586 102,
553 550 572 579 2
596 552 663 588 post
690 545 807 586 perinde
837 544 894 573 dies
924 541 1022 571 nullus
1051 539 1185 578 sequitur
1208 537 1266 566 dies
1288 535 1356 565 adeo

221 608 375 638 conductus
398 609 427 634 et
449 613 478 642 p.
498 603 567 636 149,
586 602 623 631 17
648 599 730 628 locus
753 598 788 626 (le
812 596 950 626 cinnamo
976 602 1037 622 non
1061 590 1206 629 repetitur
1229 588 1358 627 quidem,

222 659 272 690 sed
296 658 469 687 inseruntur
492 653 596 683 verba:
621 656 660 681 est
683 655 708 679 et
731 651 955 679 cinnamomum.

44 713 64 743 L
97 715 135 745 37
159 711 320 742 Vossianus
343 708 378 743 Q.
403 707 442 738 87
468 714 544 735 saec.
568 703 616 733 IX.
668 702 697 731 in
730 700 864 739 margine
894 699 913 727 f.
937 698 973 728 81
1000 695 1123 734 legitur:
1164 689 1361 721 warmundus

224 760 342 792 humilis
363 758 492 789 sacerdos
515 756 538 785 S
553 778 560 785 .
578 777 584 784 .
602 777 608 784 .
627 777 633 783 .
679 752 754 782 liber
777 751 857 780 venit
887 759 922 778 ex
946 747 1122 777 bibliotheca
1147 745 1244 782 aliqua
1267 742 1359 770 Aure-

224 811 349 843 lianensi
366 811 401 840 ad
420 808 579 841 I'etavium,
604 815 671 835 nam
688 806 717 833 in
736 804 795 833 fine
811 801 993 839 adscriptum
1010 803 1054 828 est
1071 798 1301 827 instrumentum
1326 793 1361 822 de

226 865 283 894 hoc
305 862 454 892 volumine
485 858 671 889 commodato
702 865 726 886 a.
753 855 851 888 1481,
883 852 911 881 in
944 860 1002 889 quo
1033 849 1204 879 nominatur
1223 843 1361 875 ‘Samson

227 916 410 946 Cormenean
435 913 538 942 doctor
561 906 759 939 universitatis
782 902 962 934 Aurelianefi
988 906 1016 931 et
1046 900 1209 930 canonicus
1233 896 1363 926 eiusdem

228 966 368 997 ecclesiae
393 988 399 994 .
418 987 424 993 .
443 987 449 993 .
467 959 481 992 .’
508 963 630 1000 (nomen
657 958 796 989 ecclesiae
814 964 928 986 erasum
953 959 1018 989 est),
1042 951 1252 988 inveniturque
1275 956 1364 987 prae—

229 1024 310 1048 terea
333 1018 352 1047 f.
377 1017 459 1048 &91
489 1013 658 1051 inscriptio:
692 1010 787 1039 Petav.
822 1006 940 1037 Aurelii.
990 1005 1036 1034 hic
1066 1003 1156 1041 igitur
1187 1002 1251 1031 sine
1275 999 1365 1029 dubio

231 1070 323 1100 codex
353 1072 397 1098 est
420 1066 548 1106 optimus
573 1062 697 1096 Petavii,
728 1069 814 1099 quem
846 1059 881 1087 ab
907 1058 961 1086 los.
986 1056 1119 1085 Mercero
1150 1053 1277 1091 quodam
1300 1051 1366 1080 loco

231 1122 398 1159 inspectum
423 1127 486 1147 esse
510 1116 549 1146 ait
572 1113 731 1144 Salmasius
754 1112 788 1140 ad
812 1120 836 1139 e.
855 1111 905 1144 27,
924 1109 962 1139 12
987 1117 1015 1146 p.
1033 1107 1094 1138 229
1124 1112 1274 1143 quemque
1297 1103 1367 1131 item

234 1172 314 1202 novit
337 1180 371 1201 ex
395 1168 553 1199 collatione
570 1165 649 1195 Petri
666 1163 795 1193 Danielis
812 1159 1033 1190 Aurelianensis
1058 1160 1095 1196 (v.
1117 1155 1250 1186 Salmasii
1274 1153 1367 1192 praef.

233 1223 288 1254 suh
306 1220 419 1261 finem).
444 1238 484 1241 —
508 1217 703 1248 Rubricarum
720 1214 848 1243 indicem
863 1212 939 1241 libro
957 1209 1126 1250 praeposuit
1142 1216 1248 1237 manus
1264 1214 1369 1234 recen-

235 1276 308 1309 ti0r;
337 1273 458 1310 antiqua
488 1278 585 1308 neque
616 1276 684 1297 eun]
714 1265 882 1304 suppeditat
914 1272 1010 1301 neque
1040 1260 1265 1299 inscriptionem
1295 1256 1370 1286 inci-

237 1326 322 1366 piens
339 1324 374 1354 ah
392 1322 517 1363 epistula
540 1320 682 1358 inscripta
700 1317 816 1347 Solinus
833 1316 959 1345 Aslvento
975 1314 1104 1343 salute-m.
1143 1311 1213 1340 l'olio
1238 1313 1370 1338 extremo

237 1378 376 1407 damnum
402 1384 488 1414 passo
511 1381 615 1402 manca
639 1374 709 1400 sunt
732 1368 825 1407 capita
850 1368 900 1401 52,
918 1368 957 1396 45
982 1369 1010 1394 et
1026 1365 1075 1399 52,
1094 1366 1149 1398 54;
1178 1361 1276 1391 deficit
1298 1359 1372 1389 liber

59 1429 110 1475 [L]
242 1439 270 1468 p.
291 1429 360 1463 194,
376 1429 412 1458 15
429 1427 457 1455 in
475 1424 572 1454 verbis
588 1423 712 1453 admittit
726 1421 832 1459 perspi.
850 1436 891 1440 —
906 1417 1017 1447 Amissa
1035 1415 1161 1454 explevit
1177 1421 1283 1443 manus
1298 1420 1374 1440 saec.

239 1479 315 1515 XIII,
334 1478 420 1508 nobis
437 1476 492 1516 [L],
517 1475 664 1514 incipiens
682 1483 709 1512 p.
730 1473 800 1506 191,
820 1472 857 1501 15
872 1469 978 1509 paulo;
1002 1477 1056 1507 pro
1074 1465 1295 1504 subscriptione
1312 1472 1373 1492 non

241 1536 285 1561 est
301 1530 357 1560 nisi
374 1528 491 1567 explicit
507 1527 586 1556 liber.
611 1541 648 1546 —
676 1523 849 1553 Emendavit
871 1521 1013 1554 codicem,
1038 1519 1087 1556 qui
1112 1522 1157 1546 est
1180 1515 1305 1545 familiae
1329 1523 1376 1542 se-

242 1582 356 1612 cundae
372 1578 587 1609 vetustissimus
603 1581 631 1606 et
647 1575 785 1614 optimus,
805 1577 923 1611 praeter
940 1570 1091 1600 librarium
1110 1569 1217 1607 ipsum,
1235 1566 1284 1604 qui
1302 1574 1377 1604 quae

244 1633 365 1663 mutavit
383 1635 523 1661 notantur
539 1628 585 1664 ΙΝ,
612 1636 718 1657 manus
735 1626 824 1655 altera
842 1622 949 1653 saeculi
967 1622 1027 1650 sere
1045 1620 1150 1649 decimi
1176 1619 1209 1648 ad
1235 1617 1376 1652 codicem,

242 1694 329 1724 quem
348 1684 410 1723 ipsa
427 1683 466 1712 ait
481 1685 624 1711 vetustum
642 1678 717 1716 (vide
731 1676 765 1705 ad
784 1686 811 1715 p.
827 1676 877 1709 62,
892 1675 910 1704 4
927 1678 955 1703 et
972 1673 1048 1702 infra
1066 1682 1093 1710 p.
1108 1670 1231 1707 LXXX.)
1248 1686 1289 1691 —-
1305 1668 1375 1702 Nos,

245 1737 313 1766 dum
337 1736 466 1775 priorem
491 1732 650 1762 editionem
673 1728 860 1762 curabamus,
884 1725 989 1755 eximia
1012 1723 1163 1753 Leideusis
1188 1727 1249 1751 tum
1271 1719 1378 1749 biblio-

246 1789 347 1818 thecae
360 1785 501 1826 praefecti
514 1781 675 1822 Pluygersii
690 1777 889 1809 benivolentia
901 1776 1032 1806 codicem
1046 1774 1253 1803 transmissum
1266 1770 1379 1801 Beroli-

247 1849 318 1870 num
342 1837 453 1868 tamdiu
470 1836 599 1865 retinere
623 1832 774 1872 potuimus
797 1828 937 1868 quamdiu
960 1827 1035 1856 liber
1058 1826 1112 1856 sub
1137 1825 1219 1864 prelo
1244 1823 1308 1853 fuit.

205 1890 377 1921 LONDINII
400 1889 431 1918 in
455 1896 557 1917 museo
581 1883 753 1915 Britannico

122 1945 161 1975 38
184 1942 317 1973 Arundel
341 1951 370 1970 n.
388 1943 406 1971 5
430 1948 506 1969 saec.
522 1937 582 1967 XV.
625 1933 798 1973 inscriptio:
823 1932 894 1962 Iulii
916 1930 1012 1960 Solini
1031 1932 1089 1959 sive
1111 1927 1294 1967 yrammatici
1317 1924 1384 1953 libri

248 1994 385 2033 proloyus
408 1992 508 2029 incipit
531 1990 562 2019 de
584 1985 789 2018 memoralibus
812 1983 922 2013 mundi.
961 1981 1100 2010 adhaeret
1124 1980 1206 2009 locus
1230 1987 1265 2006 ex
1288 1976 1383 2005 Bedae

255 2045 322 2075 hist.
340 2043 411 2073 eccl.
432 2044 458 2081 1,
478 2044 491 2073 1
511 2040 672 2079 incipiens:
698 2036 845 2075 Hybernia
868 2035 902 2064 (le
926 2033 994 2074 (scr.
1011 2033 1036 2062 h.
1055 2036 1149 2061 mitem
1173 2030 1209 2067 et)
1234 2027 1385 2058 latitudine

252 2097 300 2126 sui
310 2100 410 2130 status,
429 2093 536 2123 finiens
549 2096 575 2122 et
590 2090 676 2119 Pictis
688 2093 797 2126 yentem
810 2086 991 2116 addiderunt.
1012 2101 1047 2105 —
1067 2083 1109 2113 Ct'.
1128 2093 1157 2121 p.
1174 2080 1249 2111 LVll
1267 2089 1296 2108 n.
1317 2079 1385 2108 155.

127 2150 165 2180 39
189 2147 309 2186 Burney
334 2156 363 2175 n.
386 2147 448 2176 213
472 2153 546 2174 saec.
569 2141 630 2171 XV.
679 2138 832 2176 inscriptio
856 2139 936 2174 (ante
962 2135 1173 2174 praefationem
1198 2130 1385 2171 genuinam:

260 2199 361 2237 incipit
379 2196 498 2226 Solinus
513 2193 606 2224 Iulius
623 2200 720 2222 rerum
743 2197 837 2229 memo
856 2187 1035 2218 mirabilium
1051 2186 1176 2224 undique
1192 2182 1388 2214 collectarum
