1593 2409
676 103 740 130 LIII

473 295 664 343 Epitomae
693 296 728 329 et
755 294 939 338 excerpta.

81 415 99 435 α
122 405 226 434 Petrus
249 403 391 432 diaconus
415 398 578 429 monachus
604 394 774 425 monasterii
805 392 914 422 montis
936 390 1033 421 Casini
1057 398 1133 419 saec.
1150 387 1202 416 XII
1219 385 1344 416 testibus

126 454 276 485 chronicis
305 453 397 492 ipsius
424 451 491 488 (1.4
515 459 540 478 e.
557 449 607 479 66.
632 446 696 477 MG.
720 446 770 475 Ss.
796 446 825 480 7,
850 443 923 480 795)
954 441 1101 471 ‘Solinum
1131 439 1166 468 de
1196 436 1345 467 miraculis

128 504 287 537 breviavit'.

85 560 100 589 b
124 555 298 588 Theoderici
322 553 472 584 cuiusdam
497 550 644 590 epitomen
669 547 821 577 metricam
838 544 926 574 libelli
944 542 1087 574 Soliniani
1111 543 1267 571 servarunt
1289 538 1348 566 duo

128 609 195 639 libri
219 606 434 639 Bruxellmses,
458 601 649 640 imperfectus
673 608 702 627 n.
721 598 800 629 8891
820 597 980 626 1246—51
1008 603 1083 624 saec.
1108 592 1160 621 XII
1183 590 1238 621 sub
1262 598 1349 628 prae-

129 660 240 698 scripto
263 661 425 696 eweerpcum
451 654 483 683 de
506 653 619 691 scriptis
634 649 730 680 Solim'
752 658 811 678 non
837 647 950 676 habens
968 645 1023 675 nisi
1040 644 1151 684 primos
1168 651 1270 672 versus
1286 640 1348 671 259

131 711 238 741 finiens
268 709 297 738 in
326 715 411 736 versu
441 703 646 735 transvolz‘tant
675 700 759 731 celeri
785 699 861 729 saltu
888 707 940 737 per
963 697 1071 727 lintheo
1094 694 1151 724 veli
1173 695 1236 731 (eos
1259 691 1350 721 edidit

131 761 298 801 Leopoldus
320 758 439 797 Latapie
456 756 580 786 Bullecin
603 754 635 783 de
651 751 820 782 l’Academz'e
837 749 872 779 R.
897 750 929 779 de
945 748 1076 787 Belyique
1092 746 1147 775 vol.
1168 746 1206 776 16
1224 753 1248 772 a.
1269 742 1350 774 1849

131 816 206 853 part.
224 813 241 842 2
259 821 288 850 p.
305 811 345 841 79
362 809 446 848 seq),
463 808 535 837 alter
551 805 657 844 plenus
675 813 703 832 n.
724 801 858 839 10712s3
877 801 895 830 i.
916 798 1083 831 179—183
1108 797 1178 826 item
1194 803 1270 825 saec.
1287 792 1352 827 XII,

132 864 212 894 unde
228 866 365 901 excerpta
382 859 524 898 quaedam
546 855 657 895 publici
676 854 747 884 iuris
764 853 833 883 fecit
850 853 921 881 baro
939 851 974 879 de
991 848 1182 886 Reiffenberg
1199 846 1353 883 (annuaire

134 917 166 946 cle
189 915 217 946 la
239 912 422 952 bibliotheque
446 910 481 940 R.
506 909 537 938 de
560 907 691 946 Belqz'que
713 905 769 934 vol.
794 907 812 935 4
837 913 861 933 e.
881 903 963 934 1843
980 911 1008 940 p.
1026 899 1176 937 67—72).
1225 896 1353 933 inscrip-

135 968 216 998 tione
233 969 312 995 caret
328 963 403 992 liber
420 967 554 999 uterque,
579 967 646 987 nam
663 956 755 996 priori
773 954 850 993 quod
872 953 1087 993 praescriptum
1105 955 1164 980 est:
1188 952 1354 987 emcerptum

137 1021 168 1050 de
191 1019 303 1057 scriptis
327 1015 422 1045 Solim‘
444 1018 487 1042 est
510 1021 525 1041 a
548 1019 637 1040 manu
662 1007 838 1038 recentiore.
878 1004 989 1035 subieci
1013 1002 1212 1042 praescripta:

249 1084 370 1115 auribus
393 1086 443 1112 aut
466 1080 559 1110 oculis
584 1087 643 1107 non
667 1081 747 1106 totus
769 1074 878 1104 suflicit
901 1072 990 1108 orbis,

252 1146 313 1166 non
337 1133 434 1164 omnis
459 1140 531 1161 nova
556 1140 611 1164 res,
636 1128 737 1158 oculos
761 1135 835 1165 quae
860 1125 969 1154 mulcet
993 1128 1021 1152 et
1044 1131 1139 1157 aures,

253 1187 303 1218 sed
328 1195 402 1225 quae
425 1184 573 1213 mirentur
595 1180 733 1210 homines
758 1187 813 1207 nec
836 1186 901 1206 rara
925 1176 1072 1205 videntur.

254 1239 325 1269 hinc
348 1238 426 1266 iuvat
448 1234 541 1264 audiri
566 1231 645 1271 quod
670 1240 730 1260 non
757 1233 801 1258 est
824 1228 908 1266 copia
932 1226 1025 1260 cerni,

254 1290 333 1320 unde
357 1287 427 1317 mihi
452 1285 566 1315 facilem
591 1283 615 1313 si
639 1282 794 1320 quisquam
819 1278 959 1318 praebeat
982 1286 1093 1311 aurem,

257 1350 331 1380 quae
355 1339 390 1369 de
415 1336 508 1368 Solini
532 1334 649 1373 scriptis
673 1332 805 1362 miranda
830 1330 921 1368 relegi

257 1402 291 1422 ex
315 1391 405 1421 rebus
428 1388 524 1423 variis,
548 1385 687 1415 brevibus
709 1382 855 1412 mandabo
880 1380 984 1415 lituris,

257 1443 347 1473 multa
372 1440 490 1480 quidem
515 1439 651 1467 reserens
675 1440 703 1465 et
727 1443 829 1464 eorum
854 1433 944 1462 multa
969 1430 1151 1468 relinquens.

258 1503 356 1524 sermo
380 1492 432 1522 sed
456 1491 625 1527 incomptus
650 1497 687 1516 ne
712 1486 749 1515 sit
771 1485 823 1514 tibi
849 1485 924 1513 forte
948 1482 1099 1515 molestus,

260 1546 364 1579 lector,
389 1543 565 1572 clementem
589 1538 640 1568 tibi
666 1537 776 1571 reddet,
802 1541 833 1565 ut
856 1534 996 1568 arbitror,
1020 1541 1121 1562 aurem

262 1596 334 1625 mira
358 1594 431 1624 tides
455 1600 565 1625 rerum,
590 1588 764 1627 compendia
788 1591 833 1616 tot
856 1586 1029 1615 novitatum.

262 1646 542 1686 quomodocumque
566 1645 653 1671 sonet
675 1649 783 1674 sermo,
807 1639 845 1668 sit
867 1637 953 1666 dulce
977 1634 1054 1674 quod
1078 1633 1177 1663 affert:

263 1707 369 1728 aurum
393 1694 541 1726 subversis
565 1692 684 1732 penitus
708 1690 856 1729 reperitur
883 1687 1000 1717 harenis

264 1760 320 1780 nec
343 1748 426 1778 labor
450 1746 497 1776 ille
521 1744 608 1779 dolet,
633 1743 683 1781 qui
706 1741 742 1770 de
766 1750 818 1780 spe
843 1740 933 1769 divite
956 1737 1072 1777 gaudet.

287 1809 433 1848 (sequitur
456 1807 485 1836 in
510 1804 611 1835 codice
637 1801 772 1840 10712s3
797 1800 885 1830 index
910 1798 1051 1837 capitum)

266 1870 378 1908 legerat
401 1868 454 1897 hos
477 1864 654 1904 Stephanus,
678 1860 767 1892 studii
790 1858 947 1899 probitatis
971 1857 1092 1892 amicus,

267 1919 428 1950 versiculos
450 1916 526 1947 tituli
550 1913 726 1954 compendia
749 1916 831 1951 graia
856 1909 992 1950 professi,

269 1971 462 2008 arridensque
486 1967 571 1997 mihi:
599 1965 686 1995 nobis
709 1963 901 1999 sudabitur1),
927 1960 1034 1998 inquit,

270 2024 326 2053 hoc
350 2031 433 2061 opus,
457 2019 536 2050 unde
546 2020 570 2055 2)
593 2017 651 2047 tuis
674 2015 786 2054 poteris
810 2013 951 2052 prodesse
976 2011 1099 2044 coaevis,

271 2079 303 2104 ut
326 2077 454 2103 mentem
478 2069 582 2100 studiis
605 2072 707 2107 aptent
730 2071 758 2095 et
782 2064 871 2094 rebus
894 2062 1036 2092 honestis.

272 2126 345 2155 haec
367 2124 407 2154 ait
430 2122 546 2161 atquess)
569 2129 640 2150 suae
664 2118 795 2148 dextram
824 2125 870 2145 me
896 2115 1019 2153 iungere
1043 2113 1163 2142 dextrae

211 2212 232 2241 l)
245 2208 403 2235 suadebitur
416 2206 476 2233 cod.
491 2207 566 2231 8891.
639 2204 663 2234 2)
677 2201 738 2228 inde
751 2199 810 2227 cod.
825 2200 900 2225 8591.
956 2199 981 2229 3)
994 2196 1063 2222 baec
1075 2197 1156 2227 atque
1169 2191 1204 2218 ad
1217 2190 1275 2217 cod.
1292 2190 1385 2216 10712.
