1593 2409
794 81 848 107 XII

279 173 329 202 His
356 171 543 210 adiungenda
565 175 636 200 sunt
658 169 712 199 alia
737 178 797 198 non
820 176 913 206 pauca
929 167 967 196 ita
984 170 1160 205 comparata,
1183 170 1217 194 ut
1231 165 1299 194 licet
1315 165 1444 203 epochae

194 224 232 253 ibi
256 223 367 252 mentio
394 232 455 252 non
480 222 544 257 fiat,
568 221 622 250 alia
646 219 769 258 originis
793 228 828 247 ex
852 227 941 256 opere
965 216 1222 255 chronographico
1246 215 1353 245 indicia
1376 216 1445 245 item

194 275 355 304 certissima
385 282 456 313 prae
495 282 526 302 se
556 272 663 301 ferant.
715 270 778 300 eius
807 269 925 307 generis
954 272 1024 297 sunt
1053 276 1127 306 quae
1150 267 1269 296 Solinus
1297 267 1382 296 affert
1410 267 1446 296 de

193 325 310 364 Sibyllis
334 329 362 354 et
387 325 422 354 de
446 323 625 363 populorum
647 322 677 352 in
695 321 818 360 imperio
841 320 928 349 maris
950 318 1138 349 successione
1153 317 1194 356 (p.
1209 318 1258 352 35,
1277 318 1409 352 14-36,
1427 318 1445 348 8

193 378 228 407 cf.
253 386 281 415 p.
299 378 348 410 49,
367 377 408 413 4),
432 376 501 405 item
526 374 687 413 insigniora
711 373 746 402 de
769 372 889 410 regibus
906 370 1044 400 Romanis
1068 371 1107 408 (p.
1132 370 1161 404 6,
1179 369 1271 403 4-7,
1289 370 1318 403 4)
1343 372 1371 397 61
1386 368 1446 397 Μ3-

193 428 339 457 cedonum
363 429 403 466 (p.
428 428 478 461 64,
498 426 633 460 19-66,
652 427 687 456 11
715 425 750 453 cf.
775 423 957 462 11.62,12),
988 420 1112 450 maxime
1141 423 1238 448 autem
1262 428 1337 457 quae
1360 419 1448 448 tradit

193 489 248 509 nec
272 488 363 517 pauca
389 488 443 507 nec
466 487 537 507 sane
561 475 688 514 vulgaria
711 475 746 504 (16
770 474 886 503 urbium
905 473 1144 512 populorumque
1168 469 1333 508 originibus
1356 469 1448 508 ipsius

192 530 302 560 Romae
326 540 354 569 11.
372 532 399 565 3,
422 531 511 564 1-6,
526 529 554 559 8.
591 530 618 563 7,
635 528 726 562 5-8,
749 528 797 561 15,
823 525 1017 564 plurimorum
1037 522 1213 562 oppidorum
1232 521 1330 550 Italiae
1348 530 1377 560 p.
1397 522 1447 556 31,

193 583 328 615 22-35,
347 583 396 612 14.
420 582 469 615 39,
491 579 580 614 1-8,
605 587 730 617 quorum
749 587 809 606 non
835 576 889 606 nisi
905 575 1055 604 minimam
1080 578 1193 612 partem
1209 572 1320 601 Plinius
1338 581 1449 611 suppe—

193 633 308 667 ditavit,
339 632 490 661 Sardiniae
517 633 571 665 14,
605 631 736 660 10-14.
773 629 830 663 46,
857 628 977 662 5-13,
1005 625 1119 655 Africae
1154 624 1230 659 108,
1258 626 1286 654 5.
1323 625 1352 654 6.
1378 624 1447 659 116,

197 685 350 719 16-117,
370 685 417 714 17.
446 684 514 717 125,
534 683 667 713 10-13.
694 682 763 715 127,
780 681 808 711 8.
842 680 870 714 9,
896 679 973 708 inter
997 686 1071 715 quae
1095 676 1206 705 eminet
1221 675 1256 703 (16
1273 674 1449 712 Carthagine

194 735 311 765 condita
344 735 537 772 restitutaque
573 732 702 772 narratio
737 731 823 770 plena
853 734 882 759 et
911 729 1057 768 perfecta,
1087 727 1214 765 denique
1244 725 1367 760 similes,
1396 725 1448 754 sed

193 788 292 817 minus
322 787 455 824 insignes
484 785 541 814 loci
571 784 606 813 de
631 782 747 812 Corsica
772 792 800 820 11.
818 783 867 815 45,
885 782 903 811 6
933 784 961 809 et
991 779 1026 808 de
1050 778 1147 808 Sicilia
1177 786 1206 816 p.
1230 778 1279 812 49,
1297 777 1389 811 3—9,
1413 776 1448 805 de

194 838 335 869 Dardanis
360 843 388 867 et
404 836 528 866 Massilia
545 845 573 874 p.
591 836 641 869 43,
661 835 794 867 15—20,
818 833 887 861 item
905 830 1025 860 solitarii
1049 828 1265 868 quodammodo
1282 828 1317 857 de
1333 827 1448 856 Abdera

194 900 222 929 p.
240 891 289 925 68,
309 890 450 923 15—17,
474 888 600 926 Apamea
626 884 769 923 Pbrygiae
792 894 820 922 p.
840 884 910 917 167,
934 883 962 912 9.
996 883 1049 916 10,
1080 880 1170 909 Tarso
1195 883 1223 908 et
1246 878 1449 916 Pompeiopoli

195 941 311 971 Ciliciae
328 950 355 979 p.
376 941 444 974 161,
460 940 507 969 13.
529 939 576 968 14.
596 938 664 971 163,
682 936 774 966 5-8.
805 934 938 973 profecta
954 933 1025 961 haec
1042 940 1105 960 esse
1122 940 1156 959 ex
1172 930 1274 960 iisdem
1291 929 1448 965 chronicis,

195 992 273 1022 uude
296 996 366 1021 sunt
389 991 445 1021 loci
469 989 612 1028 epocham
635 986 786 1021 habentes,
811 985 895 1014 etiam
913 983 981 1013 inde
1005 983 1206 1017 confirmatur,
1230 980 1308 1019 quod
1332 984 1390 1009 tam
1413 980 1449 1009 (16

195 1044 311 1082 Sibyllis
335 1043 417 1072 106115
441 1050 526 1079 quam
551 1039 586 1068 de
610 1037 798 1068 Macedoniae
815 1035 943 1074 regibus,
968 1033 1096 1071 denique
1112 1032 1229 1062 urbium
1253 1030 1448 1069 complurium

195 1095 324 1133 origines
354 1092 548 1133 olympiadem
580 1090 720 1119 adiectam
752 1087 871 1117 habent.
894 1103 937 1108 -
959 1084 1032 1114 Α(1(11
1062 1087 1202 1123 poterunt
1226 1091 1300 1121 quae
1323 1083 1358 1111 de
1381 1082 1450 1111 viris

194 1146 297 1175 litteris
325 1145 410 1174 claris
434 1143 511 1182 apud
536 1142 663 1171 Graecos
686 1143 899 1178 proponuntur
922 1136 1046 1166 maxime
1063 1136 1112 1171 29,
1129 1135 1243 1166 8-11.
1268 1135 1317 1169 50,
1334 1134 1448 1165 9-12.

196 1199 245 1232 74,
265 1198 312 1227 12.
340 1198 409 1231 167,
430 1196 520 1229 1-7,
545 1193 600 1222 11151
625 1191 704 1229 (111011
726 1191 797 1219 11366
821 1198 911 1227 1131163
936 1192 1005 1217 511111
1028 1191 1055 1215 61
1071 1185 1209 1223 vulgaria.
1229 1202 1269 1206 -
1287 1184 1377 1222 Magis
1400 1193 1450 1213 ex-

197 1248 320 1286 quisitae
344 1252 423 1282 511111,
448 1253 625 1285 quamquam
652 1251 713 1272 non
738 1241 855 1275 multae,
880 1248 953 1277 quae
978 1238 1122 1276 originem
1146 1235 1278 1275 produnt
1300 1245 1334 1264 ex
1358 1244 1450 1264 anna-

195 1299 271 1328 libus
292 1298 432 1327 Romanis
458 1295 644 1326 narrationes
667 1293 702 1322 (16
727 1291 913 1330 expeditione
937 1299 961 1318 3.
979 1290 1037 1319 501
1057 1290 1098 1327 (p.
1118 1289 1187 1323 124,
1208 1288 1266 1322 13),
1291 1287 1326 1315 de
1350 1286 1451 1325 primis

198 1349 384 1389 praetoribus
416 1348 531 1378 Siciliae
562 1345 773 1382 Sardiniaeque
805 1343 846 1381 (p.
864 1342 913 1376 48,
931 1342 999 1378 23),
1030 1340 1065 1369 (16
1096 1339 1172 1368 bello
1204 1337 1320 1367 Cretico
1343 1337 1451 1367 Metelli

195 1402 235 1440 (p.
253 1402 302 1435 22,
320 1402 433 1435 5—-24,
456 1400 492 1436 1),
518 1397 693 1436 quibuscum
717 1393 884 1433 iungendae
913 1396 983 1421 sunt
1005 1389 1255 1419 dinumerationes
1284 1393 1449 1427 temporum

195 1462 223 1491 p.
242 1453 269 1487 8,
290 1453 401 1487 16-9,
420 1451 438 1481 8
471 1451 562 1479 sactae
593 1448 626 1477 ad
651 1455 762 1476 annum
795 1444 876 1474 urbis
906 1442 1042 1472 conditae
1071 1441 1185 1470 ratione
1217 1439 1386 1469 Catoniana.
1410 1456 1451 1460 —

195 1521 235 1524 —
260 1503 356 1532 'llinus
379 1507 493 1531 certum
516 1505 568 1535 est,
593 1499 646 1528 etsi
672 1507 731 1527 uon
756 1505 879 1535 prorsus
903 1492 1105 1532 improbabile,
1130 1501 1163 1521 ex
1187 1491 1236 1520 tali
1252 1499 1341 1529 opere
1365 1490 1451 1519 chro-

197 1555 376 1593 nographico
401 1554 486 1582 etiam
512 1561 544 1581 ea
568 1550 676 1584 venire,
701 1558 777 1587 quae
801 1546 929 1586 prodidit
952 1545 1070 1574 Solinus
1093 1543 1128 1572 de
1152 1542 1222 1572 anni
1245 1542 1369 1571 maxime
1392 1541 1451 1570 Ro-

195 1607 275 1635 mani
299 1604 512 1635 mutationibus
535 1602 570 1632 ab
594 1600 800 1638 antiquissimo
824 1602 957 1636 tempore
973 1596 1008 1625 ad
1026 1595 1178 1624 Caesarem
1194 1594 1358 1631 Augustum
1381 1592 1451 1620 doc-

195 1658 271 1687 trina
295 1665 479 1695 nequaqnam
505 1653 570 1683 exili
595 1662 622 1691 p.
641 1653 668 1687 9,
683 1652 700 1682 9
715 1660 758 1688 sq.

16 1716 169 1736 emonicomm
284 1708 325 1737 De
350 1707 561 1736 chronicorum
584 1704 691 1733 horum
716 1701 859 1731 librorum
884 1697 982 1728 indole
1006 1701 1034 1726 et
1062 1700 1165 1725 natura
1187 1698 1220 1723 ut
1242 1694 1291 1732 qui
1316 1693 1451 1723 Solinum

13 1749 171 1804 Sfflffifflg'ssum
195 1759 295 1797 legent
308 1758 409 1797 paucis
426 1755 733 1788 commonefaciamus,
751 1761 797 1781 res
813 1750 927 1779 videtur
943 1748 1101 1787 postulare.
1129 1755 1163 1776 ex
1179 1745 1214 1775 iis
1227 1743 1368 1783 quidquid
1382 1753 1451 1782 pro-

124 1798 140 1803 m
196 1810 289 1839 fertur
319 1809 439 1839 solidam
468 1812 497 1836 et
525 1807 642 1845 plenam
674 1803 838 1833 doctrinam
868 1800 975 1840 prodit.
1024 1799 1094 1828 anni
1125 1799 1319 1826 numerantur
1348 1804 1451 1833 regum

195 1861 396 1890 Romanorum
423 1858 531 1888 CCXLt
556 1859 597 1896 (p.
616 1858 643 1892 8,
665 1856 723 1892 16),
748 1863 814 1883 611111
838 1857 949 1892 septem
972 1859 1076 1888 regum
1099 1849 1169 1877 anni
1194 1847 1451 1885 (37-1-43-1-32

195 1912 391 1949 ÷24÷37
407 1910 617 1947 ÷42÷25)
647 1907 761 1937 collecti
793 1905 923 1934 efficiant
952 1911 1047 1931 annos
1071 1899 1180 1935 CCXL;
1210 1907 1283 1936 quos
1312 1906 1452 1926 numeros

197 1964 273 1993 inter
296 1973 326 1993 se
344 1962 545 1992 conciliandos
562 1969 625 1990 esse
642 1969 695 1999 per
711 1959 915 1995 interregnum
932 1961 1065 1983 annuum
1082 1952 1158 1981 inter
1173 1947 1331 1979 Romulum
1348 1952 1377 1977 61
1391 1947 1451 1976 Nu-

196 2024 274 2044 mam
299 2013 507 2053 interpositum
538 2012 632 2050 iisque
664 2008 810 2040 contineri
842 2005 1076 2044 antiquissimam
1105 2001 1227 2031 huiusce
1258 1999 1386 2038 epochae
1409 1998 1452 2027 di-

198 2065 436 2095 numerationem
460 2064 546 2094 docui
571 2064 600 2092 in
625 2060 817 2099 chronologia
840 2069 868 2098 p.
890 2058 946 2089 138
960 2049 1014 2094 sq„
1038 2060 1214 2092 quamquam
1230 2054 1352 2089 propter
1374 2048 1452 2078 arbi-

196 2118 299 2147 trarias
330 2117 476 2146 editorum
509 2114 601 2144 Solini
635 2120 828 2142 numerorum
863 2107 1081 2139 immutationes
1114 2103 1149 2132 de
1184 2101 1314 2131 numeris
1348 2099 1383 2129 ab
1418 2109 1452 2129 eo

196 2168 317 2207 prolatis
340 2172 402 2198 tum
429 2176 488 2197 non
514 2165 597 2205 potui
622 2174 682 2194 non
708 2163 775 2193 falli.
815 2160 951 2192 notabilis
967 2161 1064 2188 autem
1081 2163 1156 2193 quae
1172 2151 1327 2182 intercedit
1343 2151 1451 2180 discre-
