1593 2409
21 308 95 344 ,26

728 109 767 137 76

121 207 243 236 classem
259 203 303 232 vel
319 203 467 232 Minervae
490 200 531 229 ira
555 199 610 233 vel,
634 197 711 235 quod
736 197 844 226 certior
868 193 966 234 prodit
989 192 1138 227 memoria,
1163 190 1242 220 sidus
1258 191 1330 220 Arc·
1368 193 1381 217 1

119 258 178 287 turi
200 255 337 295 gravibus
360 252 466 282 adfecit
489 250 614 280 casibus.
1364 245 1379 269 2

1404 195 1462 216 IGN-

205 307 214 347 ss
235 307 381 336 Marmore
412 304 503 333 Paros
535 300 651 335 nobilis,
681 298 794 329 Abdelo
824 296 932 337 oppido
963 295 1216 334 frequentissima:
1247 292 1331 332 prius
1367 297 1381 321 3
1403 300 1447 320 PL.
1464 292 1492 326 4,
1510 290 1549 320 67

121 365 220 389 tamen
245 356 352 387 Minoia
377 364 466 394 quam
491 354 579 382 Paros
609 352 699 382 dicta:
724 349 735 391 ΙΙ
754 359 821 379 nam
845 348 965 378 subacta
989 357 1003 376 a
1028 347 1142 381 Minoe,
1174 344 1271 384 quoad
1299 344 1329 372 in
1367 348 1382 372 4

1405 352 1461 372 IGN.

58 410 97 439 27
123 409 244 440 Creticis
266 407 374 437 mansit
398 405 526 444 legibus,
555 403 694 433 Minoiam
717 400 926 439 loquebantur.
965 397 976 439 Η
994 403 1111 437 praeter
1135 404 1263 426 marmor
1286 395 1335 424 dat
1370 399 1385 422 5
1408 402 1451 422 PL.
1462 392 1583 427 37,105

124 467 153 491 et
168 461 284 491 sardam
300 458 436 497 lapidem,
461 456 511 494 qui
534 463 682 484 marmore
705 453 824 491 quidem
848 455 986 490 praestat,
1010 449 1087 478 inter
1109 456 1238 487 gemmas
1260 455 1329 476 vero
1367 450 1381 474 6

61 513 100 544 28
124 513 281 543 vilissimus
297 509 425 540 ducitur.
457 506 468 548 ΙΙ
485 507 585 536 Naxon
604 514 619 534 a
636 504 706 534 Delo
723 502 922 541 duodeviginti
937 501 1014 531 milia
1032 508 1170 539 passuum
1188 501 1334 538 separant,
1371 501 1385 525 7
1407 504 1451 524 PL.
1467 496 1495 530 4,
1512 494 1550 524 67

125 565 154 594 in
184 572 241 602 qua
265 560 423 599 Strongyle
452 558 606 597 oppidum:
638 556 688 585 sed
712 555 808 584 Naxos
832 553 985 592 Dionysias
1016 560 1101 590 quam
1126 551 1222 580 Naxos
1251 548 1333 588 prius
1369 552 1383 577 8

125 616 212 654 dicta,
230 612 242 654 ss
259 613 302 642 vel
326 611 404 650 quod
421 609 537 648 hospita
563 608 667 637 Libero
692 606 766 646 patri
784 605 794 645 ΙΙ
811 605 856 634 vel
878 604 956 642 quod
982 603 1129 632 fertilitate
1145 601 1245 630 vitium
1268 599 1332 628 vin·
1369 604 1383 628 9
1405 605 1586 631 1GN.PL.4,67

58 668 98 697 29
123 671 170 696 cat
193 669 315 695 eeteras.
354 660 365 702 ss
382 666 452 691 sunt
474 664 625 699 praeterea
650 657 788 697 Cyclades
812 656 971 695 plurimae,
1002 654 1050 683 sed
1076 654 1104 682 in
1136 660 1225 690 supra
1249 650 1335 680 dictis
1358 654 1385 692 lo
1408 657 1452 676 PL.
1469 649 1497 682 4,
1513 645 1554 677 68

60 720 99 749 30
123 716 315 757 praecipuum
347 718 391 742 est
421 712 498 750 quod
528 710 687 740 memoriae
710 708 862 738 debeatur.
907 706 942 735 de
966 704 1147 744 Sporadihus
1171 707 1214 732 est
1237 701 1336 731 lcaros
1358 705 1385 729 11

129 777 203 807 quae
233 766 326 795 Icario
359 763 429 793 mari
461 771 570 792 nomen
601 761 690 790 dedit.
735 760 745 798 Η
763 760 834 788 haec
865 758 942 787 inter
971 756 1090 785 Samum
1120 760 1145 783 et
1178 754 1336 793 Myconum
1359 756 1387 780 12
1408 759 1452 779 PL.
1470 751 1499 785 4,
1517 749 1554 779 51

126 820 136 860 ss
155 816 404 858 procurrentibus
420 814 495 844 saxis
511 812 658 851 inhospita
675 820 708 840 ac
725 811 813 840 nullis
832 809 946 839 sinibus
962 812 1104 846 portuosa
1122 805 1158 835 ob
1175 805 1336 835 inhumana
1361 808 1388 832 13

128 871 247 900 litorum
272 867 389 897 infamis
413 871 465 895 est.
511 864 570 894 vult
595 872 665 902 ergo
682 862 773 891 Varro
790 861 906 890 Icarum
922 859 1028 889 Creten
1052 857 1092 887 ibi
1109 856 1246 886 interisse
1264 864 1336 884 nau·
1361 859 1388 883 14

63 925 99 953 31
125 921 218 960 fragio
250 925 278 949 et
307 918 342 948 de
373 917 453 947 exitu
482 915 610 945 hominis
641 914 803 952 inpositum
836 920 944 941 nomen
973 909 1050 938 loco.
1096 917 1162 937 nam
1195 907 1224 936 in
1249 906 1337 935 Samo
1362 909 1388 934 15

66 1127 104 1156 32

131 972 203 1002 nihil
220 970 348 1001 nobilius
365 977 452 1007 quam
469 966 649 1006 Pythagoras
668 965 746 999 civis,
778 963 827 1002 qni
845 971 912 991 mox
936 961 1066 990 offensus
1090 960 1165 989 fastu
1182 957 1338 997 tyrannico
1362 960 1390 985 16

130 1023 232 1053 relicta
256 1022 342 1050 domo
367 1019 460 1059 patria
477 1019 567 1048 Bruto
592 1016 724 1051 consule,
749 1015 798 1054 qui
822 1023 906 1053 reges
929 1011 1003 1041 urbe
1027 1011 1131 1050 exegit,
1156 1009 1264 1039 Italiam
1289 1008 1339 1037 ad·
1363 1012 1389 1035 17

129 1079 231 1104 vectus
255 1078 308 1102 est.
1363 1062 1390 1086 18

214 1124 222 1165 ss
239 1124 347 1157 Melos,
378 1130 464 1160 quam
489 1119 684 1149 Callimachus
707 1115 871 1147 Memallida
902 1114 989 1149 dixit,
1014 1113 1146 1143 omnium
1177 1110 1340 1141 insularum
1365 1113 1393 1138 19

132 1175 351 1209 rotundissima,
368 1177 413 1203 est
435 1173 514 1202 iuxta
538 1170 678 1200 Aeoliam.
719 1168 729 1207 ΙΙ
747 1176 813 1197 nam
838 1165 1010 1204 Carpathus,
1034 1174 1049 1193 a
1073 1172 1130 1202 qua
1155 1161 1342 1201 Carpathium
1367 1165 1394 1189 20

218 1257 322 1285 RCIVH
341 1255 467 1286 LMGOE»
487 1253 559 1280 SAP

220 1318 244 1335 v.
266 1312 280 1335 3
300 1308 374 1342 prius
393 1310 524 1332 tamen—
537 1307 549 1330 7
570 1304 677 1330 ducitur
696 1301 852 1336 compilavit
872 1299 997 1326 Isidorus
1018 1300 1058 1329 14,
1074 1299 1096 1328 6,
1116 1298 1156 1322 29.
1186 1298 1223 1327 16,
1237 1296 1260 1326 S,
1275 1297 1289 1320 2

135 1362 158 1380 υ.
180 1355 192 1378 ἵ
213 1352 310 1378 Naxon
322 1366 350 1369 —
364 1352 378 1375 9
397 1349 491 1375 vincat
514 1350 617 1374 ceteras
636 1344 793 1379 compilat-it
812 1342 937 1369 Isidorus
953 1344 992 1372 14,
1007 1343 1030 1371 6,
1044 1343 1074 1366 27
1164 1348 1187 1366 v.
1210 1340 1236 1364 11
1258 1337 1349 1363 Icaros
1363 1351 1391 1354 ⁷—

137 1398 167 1422 15
188 1402 284 1422 nomen
308 1393 368 1419 loco
392 1390 548 1426 compilavit
567 1388 692 1415 Isidorus
713 1389 751 1418 14,
771 1388 795 1419 6,
815 1387 846 1411 26
918 1393 939 1410 υ.
964 1386 992 1409 19
1011 1382 1139 1409 Melos—
1152 1383 1183 1407 20
1201 1379 1394 1407 rotundissima

136 1441 177 1464 est
195 1435 352 1470 compilavit
372 1433 498 1460 Isidorus
519 1434 557 1462 14,
572 1434 595 1462 6,
609 1432 641 1457 28
756 1431 786 1455 20
807 1427 959 1461 Carpathus
971 1441 1003 1444 -
1015 1428 1055 1457 Π,
1074 1427 1082 1450 1
1106 1424 1218 1450 dicimus
1237 1420 1393 1456 compilavit

137 1479 263 1507 Isidorus
284 1481 322 1510 14,
341 1479 364 1509 6,
378 1479 419 1503 24.

228 1568 237 1591 1
262 1564 363 1598 prodiit
382 1564 409 1589 H
487 1562 502 1586 2
521 1559 613 1586 adficit
631 1557 663 1584 Μ
741 1560 754 1583 3
775 1563 921 1582 marmores
940 1554 973 1581 Μ
1048 1552 1150 1579 nobiles
1171 1551 1191 1577 S
1269 1550 1393 1582 frequen-

138 1609 259 1635 tissimae
278 1607 310 1634 M
391 1608 405 1630 4
423 1603 486 1630 miia
504 1602 543 1629 Ra
625 1600 721 1631 minoe]
748 1606 844 1634 mynoe
862 1598 898 1628 A,
923 1597 1011 1623 nimoe
1030 1595 1065 1627 S,
1084 1595 1170 1620 mineo
1191 1592 1213 1619 G
1295 1594 1309 1617 5
1329 1591 1395 1617 min-

140 1652 209 1678 ciam
228 1649 288 1681 SA,
312 1649 445 1674 minoeam
465 1646 497 1672 Μ
577 1640 738 1677 loquebatur
757 1641 779 1668 G
861 1643 1001 1674 praeterea
1020 1636 1110 1668 ΒΘΗ,
1129 1638 1272 1670 propterea
1290 1634 1319 1660 N

139 1700 273 1719 marmora
297 1691 340 1718 SA
394 1692 408 1715 6
432 1688 538 1722 lapdem
558 1690 583 1714 H
637 1684 763 1712 marmori
782 1686 822 1713 H,
848 1689 965 1708 marmor
988 1684 1014 1708 et
1032 1680 1065 1707 M
1115 1682 1127 1705 7
1148 1677 1304 1705 uerissimus
1322 1676 1345 1702 L

141 1736 239 1762 dicitur
260 1732 366 1760 HLMG
436 1739 527 1758 naxon
540 1732 565 1761 a]
584 1737 691 1755 naxono
711 1727 740 1758 S,
758 1734 828 1752 naxo
843 1733 859 1751 a
877 1727 900 1752 Α
971 1723 1049 1750 delon
1069 1723 1090 1749 C
1158 1722 1285 1754 seperant
1302 1718 1331 1745 N

143 1781 156 1805 S
177 1778 313 1811 dionysios
332 1776 377 1807 ΡΩ,
403 1774 559 1800 dioiunisias
579 1772 609 1799 C¹
680 1773 694 1796 9
718 1768 846 1803 hospitali
864 1767 897 1794 ,U
963 1767 1057 1797 libero]
1077 1765 1146 1791 libus
1160 1764 1191 1795 (2³)
1211 1762 1244 1789 C⁴z
1316 1763 1343 1787 11
1364 1760 1397 1786 (le

142 1819 301 1854 speradibus
322 1818 352 1850 G,
371 1815 578 1850 destporadibus
598 1813 641 1845 ΖΗ,
661 1813 692 1838 de
711 1810 902 1844 strophadihus
924 1808 994 1839 ΗΒ,
1014 1808 1046 1834 de
1065 1805 1239 1840 stropadibus
1258 1803 1296 1829 Ρ2

142 1865 191 1894 est]
217 1865 258 1888 est
276 1864 302 1887 et
322 1859 339 1886 I
354 1857 499 1891 (RCNHS)
589 1858 618 1882 12
637 1855 704 1882 mari
723 1862 774 1880 om.
796 1852 817 1879 G
905 1859 998 1877 sanum
1017 1849 1044 1875 Ν
1129 1847 1270 1874 micorium
1288 1846 1312 1872 Α

144 1908 175 1932 13
200 1906 323 1931 tortuosa
345 1903 370 1929 R
464 1901 640 1926 inhumanum
664 1900 691 1924 H
789 1898 819 1921 14
842 1896 882 1920 est
907 1902 957 1919 om.
977 1892 1024 1918 LG
1121 1892 1220 1921 creton]
1249 1891 1346 1915 cretem
1371 1888 1398 1919 S,

144 1952 234 1975 cretae
252 1948 287 1979 A,
313 1948 462 1973 cretensem
480 1945 508 1970 H
525 1950 585 1968 cnm
605 1940 714 1966 Isidoro
819 1936 960 1968 naufragio
985 1936 1032 1961 int.
1057 1934 1101 1960 SA
1209 1934 1238 1958 16
1260 1931 1322 1957 nob.
1342 1930 1398 1956 nih.

144 1990 217 2017 SAP
290 1989 347 2015 cius
367 1987 414 2019 Rss,
434 1987 507 2013 ciues
527 1984 555 2011 N
631 1985 659 2010 17
680 1981 768 2016 patria
786 1980 877 2010 bruto]
897 1978 967 2012 patri
986 1978 1102 2010 abrupto
1121 1975 1153 2002 Μ
1157 1986 1165 2000 .·
1183 1973 1272 2008 patria
1289 1980 1398 2007 suspec-

145 2037 209 2066 tum,
229 2035 320 2058 tuetur
338 2030 443 2057 Vahlen
462 2028 595 2062 adleyans
614 2026 702 2052 locum
721 2032 744 2050 c.
759 2025 799 2055 27,
813 2024 845 2048 44
865 2029 933 2055 quae
952 2020 1046 2046 doinus
1060 2017 1216 2045 Callimachi
1235 2017 1330 2050 poetae
1348 2015 1400 2040 fuit

144 2076 234 2110 patria
302 2074 384 2106 exigit
402 2072 446 2104 D,
471 2071 536 2097 exiit
553 2069 586 2095 Μ
653 2068 785 2094 aduentus
806 2064 827 2091 G
900 2065 929 2089 18
953 2064 995 2089 est
1018 2070 1069 2088 om.
1092 2060 1113 2087 S
1185 2061 1214 2086 19
1238 2057 1399 2088 memallida]

146 2118 164 2144 I
178 2116 337 2149 (Remis),
360 2114 539 2141 memallidam
558 2110 593 2138 II
608 2109 743 2142 (LMGP),
762 2107 905 2134 menallida
924 2108 945 2133 Α
1050 2106 1081 2130 20
1101 2101 1319 2129 rotundissimam
1338 2103 1399 2131 (om.

146 2164 196 2191 est)
215 2160 238 2186 Α
327 2159 421 2184 ecliam
442 2156 476 2185 G,
501 2155 597 2181 aeliam
618 2153 644 2179 lv
732 2150 888 2184 carpathus]
909 2148 1072 2182 carpathusa
1092 2145 1110 2171 I
1125 2143 1286 2177 (RCA'SJJJ,
1306 2150 1400 2176 carpa-

146 2203 215 2229 dusa
233 2195 274 2228 ,1>
328 2200 497 2234 carphatium
517 2196 593 2224 RCN

1411 810 1467 830 1GN.

1414 1089 1458 1110 PL.
1472 1089 1492 1113 4.
1507 1089 1533 1110 70
1546 1088 1593 1108 coll.

1445 1122 1507 1144 SOL.
1520 1122 1541 1148 6,
1555 1121 1569 1142 3

1415 1169 1459 1188 PL.
1477 1160 1506 1193 4,
1523 1159 1560 1189 71
