1593 2409
774 76 863 102 XXIV

198 163 364 193 communi:
389 171 475 201 quem
500 162 660 200 quominus
683 167 843 191 statuamus
867 162 956 191 fuisse
979 171 1046 191 eum
1070 162 1119 200 qui
1143 162 1269 191 Plinium
1292 162 1326 191 ad
1344 162 1450 192 choro-

197 214 335 253 graphiae
359 214 483 242 sormam
506 213 619 251 redegit
642 217 736 242 aetate
760 212 905 242 Hadriana
931 212 1003 241 nihil
1029 213 1141 242 videtur
1169 213 1294 242 obstare.
1332 222 1399 242 nam
1416 213 1450 242 ad

197 265 359 294 Varronem
375 264 492 302 quidem
509 272 627 303 semper
642 272 674 293 ea
690 273 737 293 res
753 263 860 293 redibit
875 268 1021 302 tamquam
1038 268 1191 293 auctorum
1208 269 1372 293 auctorem:
1397 273 1450 293 nec

200 321 295 346 tamen
323 315 499 345 crediderim
523 315 719 345 Censorinum
736 314 870 344 Solinum
887 314 1067 344 Macrobium
1090 314 1170 353 ipsos
1192 314 1296 352 legisse
1312 314 1450 344 Varronis

197 367 344 396 volumina
369 375 457 405 supra
480 375 550 396 suae
573 366 674 396 aetatis
704 366 822 395 modum
855 365 949 395 docta.
979 382 1021 387 —
1050 365 1184 403 Denique
1214 365 1249 394 de
1272 365 1380 404 quibus
1397 374 1451 404 per

198 418 252 447 hos
281 426 376 446 annos
405 426 492 456 saepe
524 418 747 456 disputaverunt
776 416 868 446 critici
897 416 1023 446 Pliniani
1055 416 1249 446 additamenta
1277 420 1388 446 vetusta
1416 415 1450 445 ad

198 469 356 507 septimum
389 468 572 506 potissimum
598 468 682 497 Plinii
709 467 815 497 librum
846 468 886 504 (7,
910 469 960 498 55.
985 468 1035 498 73.
1060 468 1108 497 74.
1132 468 1183 498 91.
1210 468 1278 497 122.
1304 468 1389 503 123),
1419 476 1451 496 re

198 529 305 558 magna
329 524 409 548 certe
433 529 467 548 ex
491 524 574 558 parte
592 519 731 548 Plinianis
756 519 836 548 nullo
860 518 947 547 modo
972 518 1121 553 inferiora,
1145 518 1242 547 sedin
1260 527 1320 547 uno
1338 522 1450 547 tantum

199 572 326 601 alterove
350 570 461 605 codice,
485 570 609 599 maxime
629 570 657 599 in
677 569 838 599 Vesontino
855 568 981 598 chiffleti
998 578 1094 607 neque
1111 568 1150 598 ibi
1168 569 1222 598 nisi
1239 568 1272 597 ad
1290 568 1452 607 marginem

200 626 332 661 reperta,
360 621 489 660 proclive
514 625 557 651 est
581 625 714 660 repetere
738 620 774 650 ab
798 620 845 649 illa
868 625 1007 658 tanquam
1030 620 1119 649 altera
1143 629 1235 658 eaque
1258 623 1341 648 aucta
1365 618 1451 648 Plinii

200 673 338 709 editione,
366 681 433 702 cum
457 672 628 711 praesertim
654 671 703 711 qui
727 671 802 700 hanc
826 671 936 700 curavit
959 680 1025 700 eum
1049 671 1151 700 sedulo
1175 670 1281 700 librum
1306 670 1392 699 Plinii
1415 670 1450 699 de

200 724 319 754 homine
343 727 516 753 retractasse
540 723 627 753 etiam
650 732 684 752 ex
709 722 810 752 Solino
834 726 960 751 constet.
