1706 2446
818 115 878 143 156

81 205 131 241 35,
159 207 196 237 12
220 211 338 235 aeterna
355 214 428 244 gens
448 208 492 234 est
514 203 699 233 cessantibus
723 202 898 242 puerperiis.
936 202 1056 241 Engada
1081 202 1221 241 oppidum
1244 202 1320 230 infra
1336 201 1422 231 Esse·
1460 205 1472 229 1
1495 209 1539 229 PL.

104 408 155 445 36,

182 412 194 439 1

181 666 198 696 0:

151 944 157 955 ,
185 924 196 951 1

185 1179 202 1207 [ὑ

223 266 276 286 nos
293 257 356 292 fuit,
379 255 430 285 sed
447 255 576 285 excisum
594 259 646 285 est.
681 263 784 284 verum
801 254 910 284 inclitis
926 253 1097 283 nemoribus
1112 253 1207 283 adbuc
1228 252 1313 282 durat
1335 252 1424 281 decus
1460 256 1475 280 2

223 307 354 345 lucisque
371 307 533 346 palmarum
550 305 792 335 eminentissimis
809 305 880 334 nihil
895 305 939 334 vel
961 304 996 334 de
1019 314 1089 334 aevo
1113 304 1157 333 vel
1180 304 1215 333 de
1238 303 1315 332 bello
1338 302 1425 332 dero—
1462 306 1475 330 3

222 364 332 397 gamm.
370 358 493 388 Iudaeae
517 357 662 387 terminus
686 356 814 386 Massada
837 356 998 385 castellum.
1462 358 1476 381 4

302 409 312 449 ΙΙ
330 409 461 439 Transeo
478 409 651 438 Damascum
675 408 905 447 Pbiladelpbiam
928 407 1150 445 *Rhaphanamz
1175 405 1345 444 Scythopoli
1367 404 1428 444 pri-
1465 409 1479 432 5
1501 412 1545 432 PL.
1563 404 1591 438 5,
1609 404 1648 432 74

223 470 285 490 mos
319 461 430 491 incolas
460 465 489 489 et
518 464 668 490 auctorem
699 459 784 488 dabo.
835 459 924 488 Liber
954 463 1036 497 pater
1064 466 1132 487 cum
1159 457 1250 487 humo
1279 456 1426 485 nutricem
1462 460 1477 484 6
1545 449 1616 470 (ωα-

222 512 405 548 tradidisset,
435 511 566 541 condidit
588 511 645 540 hoc
669 511 827 549 oppidum,
851 515 884 539 ut
906 509 1074 548 sepulturae
1097 508 1214 538 titulum
1238 508 1324 537 etiam
1348 507 1429 537 urbis
1466 512 1478 535 τ

223 562 380 592 moenibus
396 563 558 602 ampliaret.
596 562 710 592 incolae
727 562 863 591 deerant:
889 570 903 590 e
920 560 1076 590 comitibus
1093 559 1153 589 suis
1170 558 1291 598 Scythas
1311 558 1427 597 delegit,
1464 562 1478 586 8

223 623 297 652 quos
314 618 346 643 ut
369 614 459 643 animi
483 614 611 643 firmaret
634 613 669 642 ad
693 617 860 652 promptam
884 611 1040 641 resistendi
1064 610 1240 644 violentiam,
1264 609 1426 648 praemium
1465 614 1479 637 9

223 666 279 695 loci
310 674 419 695 nomen
450 665 537 696 dedit.
582 663 593 705 ΙΙ
617 664 646 693 in
671 664 804 694 Seleucia
827 664 900 693 alter
923 662 1037 692 Cassius
1060 671 1146 691 mons
1168 666 1226 696 est,
1256 660 1427 690 Antiochiae
1450 664 1477 688 10
1500 667 1543 687 PL.
1561 660 1588 693 5,
1606 657 1645 688 80

223 717 428 755 propinquus,
459 716 543 745 cuius
573 725 589 744 e
618 715 726 744 vertice
755 715 851 754 vigilia
875 715 969 744 adhuc
992 719 1094 752 quarta
1120 712 1302 751 conspicitur
1325 711 1430 750 globus
1453 715 1479 739 11

223 768 292 798 solis
310 772 337 797 et
360 767 441 797 brevi
465 766 600 805 eorporis
624 767 805 796 circumactu
828 766 916 795 radiis
939 765 1094 803 caliginem
1117 763 1327 803 dissipantibus
1351 763 1431 792 illinc
1454 766 1482 790 12

224 829 281 849 nox
311 819 381 848 hinc
413 818 475 847 dies
505 817 646 847 cernitur.
690 818 755 847 talis
785 827 799 847 e
824 817 921 847 Cassio
946 816 1063 855 specula
1088 821 1146 850 est,
1175 820 1208 844 ut
1230 815 1324 844 lucem
1348 814 1431 852 prius
1454 817 1481 841 13

223 871 320 900 rideas
344 879 430 908 quam
454 869 625 908 auspicetur
648 869 719 898 dies.
1440 868 1481 892 ¹14

304 920 315 962 ll
332 921 504 960 Euphraten
530 919 627 949 fundit
642 919 781 949 Armenia
806 920 906 955 maior,
932 923 1014 948 ortus
1036 927 1124 957 supra
1144 917 1252 946 Zimam
1276 915 1331 945 sub
1354 914 1431 944 radi·
1455 919 1482 943 15
1505 923 1548 942 PL.
1566 916 1594 950 5,
1612 914 1651 945 83

226 972 309 1002 cibus
338 972 465 1007 montis⁷
496 980 583 1010 quem
614 970 736 1000 Catoten
768 971 884 1000 accolae
915 970 1085 1003 nominant,
1110 967 1121 1009 ll
1145 968 1259 1007 Scythis
1288 967 1431 1005 proximo.
1456 969 1483 994 16
1506 974 1563 993 tex.

224 1022 232 1063 ΙΙ
256 1024 304 1053 hic
334 1023 462 1062 receptis
490 1022 520 1052 in
551 1032 582 1052 se
605 1022 716 1060 aliquot
738 1021 874 1051 amnibus
897 1020 1075 1050 convalescit
1097 1025 1125 1049 ct
1147 1019 1270 1058 stipatus
1294 1017 1434 1047 convenis
1457 1020 1484 1045 17
1507 1025 1549 1044 PL.
1568 1017 1595 1051 5⁷
1613 1016 1653 1046 84

226 1075 309 1113 aquis
325 1075 454 1104 luctatur
470 1083 537 1104 cum
559 1073 669 1103 montis
685 1073 774 1102 Tauri
797 1072 925 1108 obiectu,
950 1081 1038 1110 quem
1061 1070 1137 1110 apud
1155 1070 1292 1109 Elegeam
1315 1068 1431 1103 scindit,
1455 1072 1482 1096 18

226 1126 343 1155 resistat
358 1126 426 1155 licet
442 1125 596 1155 duodecim
613 1124 725 1154 milium
742 1133 882 1163 passuum
906 1123 1075 1154 latitudine:
1094 1120 1105 1162 ΙΙ
1122 1122 1278 1160 longisque
1302 1119 1432 1149 excursi-
1455 1122 1483 1147 19
1505 1126 1547 1146 PL.
1567 1119 1595 1153 5,
1613 1118 1652 1148 85

227 1177 281 1207 bus
297 1177 417 1206 dextera
433 1176 669 1215 Commagenem,
694 1175 831 1205 Arabiam
847 1175 926 1204 laeva
950 1173 1105 1212 relinquit:
1130 1172 1235 1202 deinde
1259 1170 1432 1210 praelabens
1454 1174 1482 1198 20

226 1228 365 1267 plurimas
402 1232 505 1266 gentes
532 1227 543 1266 ll
568 1227 759 1266 Babyloniam
788 1226 936 1264 quondam
968 1224 1179 1255 Chaldaeorum
1210 1228 1297 1262 caput
1325 1221 1433 1251 dividit.
1457 1225 1483 1249 21
1507 1229 1550 1249 PL.
1569 1221 1596 1255 5,
1613 1220 1652 1250 90

311 1326 416 1355 RCNH
437 1326 563 1359 LMGOEJ
583 1326 670 1357 SM),-
690 1326 779 1352 Αιιοη,
799 1324 876 1351 Leicl.
895 1324 932 1351 ad
950 1326 965 1350 2
983 1326 1024 1351 est
1042 1327 1067 1350 et
1087 1325 1101 1348 »1
1120 1323 1232 1349 iudaeae
1250 1325 1269 1348 t.
1287 1330 1322 1348 m.
1342 1320 1481 1348 castellum

312 1379 335 1398 v.
357 1373 385 1396 15
405 1369 567 1404 Euphraten
579 1385 609 1388 —
623 1371 653 1395 19
672 1367 815 1395 latitudine
833 1367 974 1402 excerpsit
993 1366 1085 1393 Dicuil
1096 1367 1118 1397 O,
1133 1367 1174 1391 22.

314 1443 324 1466 1
341 1439 451 1473 engada]
464 1437 599 1470 LMGSP,
613 1445 673 1464 cum
688 1437 774 1464 Plinii
785 1437 869 1467 libris5
888 1434 1001 1468 engaddi
1015 1436 1048 1467 A,
1060 1434 1163 1468 engeda
1176 1433 1228 1460 RN
1235 1433 1321 1464 Leid„
1339 1440 1441 1466 engena
1455 1433 1482 1464 C,

226 1483 319 1516 engela
337 1484 383 1514 [H]
504 1481 652 1507 hessennos
671 1479 723 1505 ΑΡ
834 1481 849 1505 2
872 1478 965 1505 inditis
985 1480 1011 1505 H
1124 1478 1138 1502 3
1164 1476 1208 1503 uel
1226 1479 1287 1507 (om.
1309 1478 1344 1504 H)
1360 1475 1396 1501 de
1413 1482 1482 1501 aeuo

227 1525 270 1551 uel
290 1524 322 1550 de
341 1524 412 1551 bello
430 1530 492 1555 (euo
512 1524 569 1555 [sic]
588 1523 633 1554 RJ]
649 1521 835 1552 RCHD'MB,
855 1521 897 1547 uel
915 1528 983 1547 aeuo
1001 1520 1045 1546 uel
1063 1519 1134 1546 bello
1153 1518 1288 1545 L²GSAP
1303 1526 1341 1545 ea:
1358 1517 1482 1544 emenda-

227 1568 299 1594 tione
317 1567 460 1601 probabili
562 1569 577 1592 4
601 1566 714 1592 iudaeae
737 1564 866 1591 terminus
886 1568 969 1594 t—num
989 1562 1019 1594 S)
1038 1571 1089 1588 om.
1109 1561 1134 1589 R
1237 1561 1355 1587 missada
1373 1561 1397 1585 A

224 1613 289 1645 post
302 1610 442 1636 castellum
455 1610 505 1636 ins.
519 1608 601 1643 nisyro
620 1608 710 1634 colore
728 1608 756 1633 in
776 1610 879 1633 textum
899 1606 931 1632 de
949 1605 1099 1639 scythopoli
1118 1604 1216 1638 oppido
1236 1604 1268 1630 de
1287 1604 1377 1629 monte
1395 1602 1482 1629 cassio

226 1652 304 1679 RcN
383 1655 397 1678 5
415 1652 518 1678 transio
537 1650 562 1677 R
643 1650 792 1676 arafianam
809 1647 928 1679 LMGP,
946 1648 1117 1675 aurafantam
1136 1646 1212 1674 RCN
1214 1646 1248 1677 H,
1267 1645 1435 1672 aarafantam
1453 1644 1483 1676 S,

227 1695 387 1722 aurafanam
405 1695 429 1721 Α
499 1693 670 1727 scithopolim
690 1692 711 1719 0
777 1692 880 1726 primus
899 1691 928 1717 N
998 1693 1011 1716 7
1037 1690 1127 1716 condit
1145 1688 1189 1715 SA
1260 1691 1275 1715 8
1299 1690 1323 1719 e]
1344 1690 1370 1714 et
1388 1686 1418 1712 N

227 1738 317 1771 deligit
336 1737 370 1764 Μ
448 1739 463 1763 9
482 1737 577 1763 animis
596 1735 687 1762 malim
768 1734 906 1760 firmarent
926 1734 946 1759 G
1027 1735 1153 1766 prompta
1171 1732 1211 1763 R,
1231 1734 1359 1765 prumpta
1375 1730 1407 1756 M

226 1781 362 1807 resistenti
381 1780 401 1805 G
473 1779 601 1805 uiolentia
619 1777 684 1809 RM,
702 1777 847 1804 nolentiam
867 1775 1019 1802 Salmasius
1092 1777 1120 1800 10
1139 1777 1211 1800 arter
1231 1775 1251 1799 G
1320 1772 1483 1799 antiochiam

227 1823 367 1857 proximus
382 1822 427 1848 SA
517 1824 546 1848 11
567 1824 590 1853 e]
610 1829 638 1848 se
657 1820 686 1847 N
770 1819 936 1852 conspicitur
955 1826 1006 1844 om.
1027 1819 1055 1844 H
1142 1818 1170 1842 12
1190 1815 1263 1842 solus
1282 1815 1311 1841 N
1395 1815 1482 1841 circu-

227 1868 291 1891 actu
310 1864 343 1891 M
412 1866 441 1890 13
461 1863 532 1895 hinc]
550 1862 670 1894 LMGP,
693 1863 767 1888 illinc
785 1860 936 1888 RCNHSA
1006 1861 1029 1890 e]
1050 1860 1081 1886 de
1100 1858 1144 1885 SA
1216 1858 1287 1884 casio
1306 1857 1350 1883 laic
1369 1856 1414 1884 GS

228 1909 268 1933 est
292 1915 365 1941 spec.
387 1907 407 1932 G
497 1909 526 1932 15
545 1905 634 1932 fundit
652 1904 770 1931 armenia
789 1903 915 1935 (ermenia
934 1901 972 1934 N)
990 1902 1084 1932 maior]
1103 1909 1136 1927 m.
1156 1900 1175 1926 f.
1194 1908 1218 1927 a.
1238 1899 1312 1926 Sap
1396 1901 1480 1930 ortus]

229 1949 432 1980 RCNHSffic„
450 1950 512 1975 ortu
532 1947 613 1979 LGA,
632 1948 712 1974 hortu
730 1946 768 1977 M,
788 1950 875 1972 ortum
894 1945 920 1971 P
1011 1944 1117 1975 zimam]
1135 1941 1396 1974 RCNHLMGDJc„
1414 1942 1482 1968 ziza—

227 2000 298 2019 mam
317 1991 372 2025 SA,
389 1991 520 2018 zizaniam
539 1990 578 2016 P:
596 1990 731 2016 Zimaram
750 1988 856 2015 Plinius
940 1990 969 2013 1ss
989 1989 1105 2017 catoten}
1125 1984 1389 2015 RNHLMGPIJio„
1408 1987 1481 2011 cato-

230 2035 320 2062 chiteu
340 2035 372 2066 C,
397 2037 512 2067 catopen
531 2032 590 2060 SA:
609 2032 730 2066 Capoten
749 2030 856 2057 Plinius
875 2038 934 2056 cum
955 2029 1064 2064 Capella
1089 2022 1094 2026 ¹
1150 2028 1238 2055 stithis
1260 2026 1397 2059 D2'c.(Dr.)

229 2078 361 2111 proximo]
379 2077 531 2110 proximum
550 2075 610 2101 Dic.
694 2077 722 2100 17
743 2076 867 2107 receptus
888 2074 907 2098 G
987 2071 1087 2105 aliquid
1106 2070 1128 2097 S
1208 2074 1234 2097 et
1254 2078 1303 2097 om.
1323 2072 1352 2097 H
1419 2077 1482 2096 con-

228 2121 304 2147 uenit
316 2120 341 2147 R
414 2121 442 2146 18
462 2118 533 2145 tauri
550 2118 648 2144 montis
661 2116 735 2143 SAP
806 2119 833 2142 19
853 2115 914 2141 licet
931 2114 1039 2140 resistat
1051 2113 1111 2140 Dic.
1122 2112 1192 2145 (Dr.)
1261 2112 1367 2139 milibus
1385 2111 1414 2138 H

230 2165 261 2189 20
280 2163 375 2190 dextra
395 2165 421 2190 H
508 2162 713 2194 commagenem]
734 2157 909 2189 RcNHGlM,
934 2156 1125 2189 commaginem
1144 2155 1246 2187 LMffl,
1266 2162 1435 2188 comagenem
1454 2152 1481 2183 S,

229 2213 427 2239 commagenam
441 2206 463 2231 Α
533 2204 640 2237 reliquit
653 2202 731 2229 LMG
801 2204 829 2228 21
853 2202 942 2234 caput]
962 2203 1026 2232 aput
1045 2198 1076 2225 ,il
