1593 2409
780 79 859 106 XXX

192 165 299 203 passini
324 168 466 204 appareat
489 165 589 203 plures
612 174 715 195 eorum
735 175 868 195 errorum
897 167 1105 197 communione
1129 172 1275 207 tamquam
1299 169 1448 208 gentilicio

192 215 311 245 vinculo
335 215 478 254 coniungi
502 220 531 245 et
554 216 588 245 ab
613 217 716 246 eodem
739 217 897 256 archetypo
920 218 1076 256 proficisci.

279 266 322 295 Ad
350 266 456 296 classes
479 271 548 303 tres,
574 268 736 297 secundum
761 277 832 307 quas
855 269 885 298 in
910 269 1005 308 capite
1029 269 1107 307 quod
1130 270 1263 309 sequitur
1286 271 1326 309 (p.
1343 270 1450 300 LIX-—

196 317 296 354 XCIII)
315 317 446 356 potiores
463 318 607 355 distribui,
624 318 753 357 reliquos
770 329 829 348 non
847 319 962 357 digessi,
986 329 1052 349 cum
1076 321 1250 350 recentioris
1265 322 1366 351 aetatis
1382 321 1449 351 libri

194 378 298 398 omnes
314 369 376 398 sere
394 378 427 398 ex
445 368 580 398 classium
597 369 712 399 illarum
736 370 987 400 contaminatione
1011 370 1155 409 originem
1179 371 1304 401 trahant.
1327 390 1368 394 —
1391 372 1450 402 Eos

194 419 294 455 libros,
318 420 353 449 ad
377 429 451 458 quos
476 419 607 449 libellum
632 421 776 456 recensui,
799 421 847 451 liic
870 422 988 451 distinxi
1011 422 1107 451 littera
1134 432 1186 452 sua
1209 423 1399 462 praescripta.

277 479 402 508 ARRAS

193 527 226 560 *1
255 539 283 559 n.
310 530 370 561 870
394 539 470 559 saec.
495 529 561 559 XIII
585 530 650 568 (cat.
674 530 720 560 des
743 531 807 560 bibl.
831 532 891 571 de'p.
915 532 970 561 vol.
994 534 1013 562 4
1037 541 1061 561 a.
1088 533 1168 563 1872
1192 542 1221 571 p.
1245 532 1334 569 347),
1364 536 1449 562 antea

322 581 496 610 monasterii
520 581 548 610 S.
566 581 681 611 Vedasti
702 582 913 612 Atrebatensis.
965 583 1118 621 inscriptio
1143 587 1187 612 est
1209 583 1309 612 classis
1332 582 1449 612 tertiae:

322 631 346 660 I.
378 631 474 661 Solini
499 632 658 670 polyhistor
688 633 778 662 editus
808 638 833 662 et
861 635 1021 671 recognitus
1050 634 1082 662 de
1110 635 1168 663 situ
1196 633 1272 663 orbis
1302 638 1449 664 terrarum

322 687 347 711 et
370 683 402 712 cle
424 683 545 721 sinyulis
568 687 623 712 cet.
660 684 858 722 praefationes
880 684 987 714 adsunt
1009 684 1092 713 duae.

280 749 404 779 AVTVN

195 799 232 830 *2
258 810 287 830 n.
312 801 352 831 39
376 811 450 831 saec.
474 801 514 830 XI
538 803 601 839 (cat.
626 802 671 831 des
694 802 759 832 bibl.
783 803 844 842 de'p.
868 803 922 832 vol.
943 805 955 833 1
983 812 1007 832 a.
1028 805 1107 835 1849
1132 814 1160 843 p.
1178 805 1218 834 22
1242 808 1270 833 et
1286 803 1451 833 accuratius

324 851 434 882 Omont
457 853 565 882 cabinet
587 853 742 892 historique
764 854 818 883 vol.
836 855 875 884 28
899 864 924 883 a.
950 854 1029 885 1882
1054 864 1080 893 p.
1107 855 1190 890 566).
1240 854 1393 893 inscriptio
1423 858 1453 883 et

323 903 500 942 subscriptio
531 904 636 942 triplex
663 905 780 934 eaedem
811 905 898 943 plane
927 914 1002 943 quae
1031 910 1100 934 sunt
1130 906 1159 934 in
1191 905 1291 935 codice
1319 904 1451 934 Parisino

324 954 423 990 6810,
460 958 561 983 nostro
597 954 623 984 P
655 960 683 984 et
716 955 853 984 adhaeret
888 956 958 985 item
993 965 1111 985 carmen
1152 955 1255 994 Tethya
1291 963 1452 985 marmoreo

323 1004 400 1044 (vide
430 1014 458 1043 p.
483 1005 557 1043 233)
584 1006 694 1044 pariter
723 1010 810 1044 atque
832 1006 861 1035 in
886 1006 925 1042 P,
953 1016 987 1035 ex
1017 1016 1075 1044 quo
1105 1007 1152 1036 liic
1179 1006 1292 1036 videtur
1321 1006 1452 1045 descrip-

325 1060 372 1085 tus
396 1066 469 1086 esse.

281 1123 466 1154 BASILEAE

147 1174 170 1204 Β
200 1175 217 1206 3
242 1174 273 1204 F.
291 1175 325 1204 ΙΙ.
345 1177 383 1207 33
408 1185 483 1205 saec.
501 1175 573 1205 XIV.
617 1175 724 1204 librum
752 1175 878 1205 excussit
901 1175 1121 1213 diligentissime
1145 1176 1266 1205 Carolus
1288 1175 1453 1205 Ludovicus

326 1225 451 1256 Rothius
474 1227 649 1256 Basileensis
673 1235 696 1255 a.
722 1227 803 1257 1859
827 1226 1033 1264 adliibitusque
1056 1231 1100 1256 est
1122 1227 1190 1256 iude
1220 1227 1250 1256 in
1275 1227 1319 1256 ed.
1343 1226 1453 1265 priore.

326 1277 468 1306 deficiunt
497 1278 594 1307 omnia
623 1287 696 1316 quae
726 1277 817 1307 rubro
850 1277 1006 1307 scribenda
1036 1278 1171 1313 rum-unm
1202 1277 1356 1316 perierunt
1384 1277 1453 1306 folia

327 1332 466 1366 quattuor
492 1329 598 1367 quibus
626 1328 858 1358 continebantur
874 1337 902 1366 p.
920 1329 970 1363 73,
988 1329 1006 1359 3
1029 1328 1242 1366 reliqiosissima
1264 1350 1272 1357 .
1290 1350 1296 1357 .
1315 1351 1321 1357 .
1346 1329 1395 1364 87,
1415 1329 1452 1359 13

328 1380 517 1409 inveniuntur
546 1380 613 1418 (per
641 1380 692 1409 has
720 1379 841 1418 paginas
865 1388 965 1408 errore
998 1383 1066 1408 nota
1090 1379 1113 1408 B
1139 1379 1169 1408 in
1194 1379 1249 1408 ima
1272 1379 1379 1417 pagina
1403 1378 1453 1408 ad-

327 1430 435 1470 scripta
461 1434 514 1466 est)
545 1435 573 1460 et
597 1440 621 1460 c.
645 1431 702 1466 22,
728 1432 765 1462 13
789 1430 847 1459 sive
871 1440 898 1469 p.
922 1431 999 1465 219,
1025 1430 1062 1459 19
1092 1429 1204 1459 homine
1231 1451 1238 1458 .
1256 1451 1263 1458 .
1281 1451 1287 1458 .
1314 1429 1389 1465 116,
1414 1430 1453 1460 12

327 1482 507 1511 incremento.

284 1539 436 1570 BERNAE
658 1558 661 1559 γ

200 1593 218 1622 4
242 1601 272 1621 n.
298 1593 358 1622 170
383 1602 458 1622 saec.
481 1592 550 1627 ΧΠ,
580 1592 648 1621 olim
672 1592 751 1621 Petri
775 1591 912 1621 Danielis.
959 1590 1114 1620 collatione
1142 1590 1209 1619 libri
1239 1599 1254 1619 a
1279 1590 1309 1619 C.
1326 1590 1359 1619 L.
1376 1589 1453 1619 Roth

328 1643 551 1681 diligentissime
581 1644 655 1674 sacta
686 1652 755 1672 usus
784 1651 848 1671 sum
878 1642 908 1671 in
935 1641 1063 1670 editione
1093 1641 1201 1679 priore.
1258 1640 1453 1679 inscriptione

330 1699 423 1729 caret;
447 1693 638 1732 subscriptio:
663 1692 756 1722 Iulius
775 1692 892 1721 Solinus
915 1691 1030 1730 explicit
1051 1691 1177 1729 feliciter
1201 1691 1307 1720 omisso
1332 1690 1454 1720 nomine

329 1744 496 1774 Theodosii.
543 1744 684 1782 praefatio
709 1743 849 1781 inscripta
880 1746 938 1771 est:
973 1741 1002 1771 C.
1026 1740 1118 1771 Iulius
1143 1742 1260 1771 Solinus
1285 1741 1452 1771 Constantia

326 1804 377 1824 suo
400 1795 451 1825 sal.
491 1795 591 1830 codex,
615 1797 647 1824 ut
670 1794 700 1822 in
725 1793 852 1822 editione
875 1793 975 1832 priore
998 1793 1081 1822 latius
1105 1792 1242 1831 exposui,
1268 1792 1378 1831 pendet
1400 1801 1454 1831 po-

330 1846 473 1875 tissimum
491 1855 524 1875 ex
541 1846 699 1885 archetypo
723 1844 873 1875 communi
896 1843 950 1873 sibi
974 1852 1040 1873 cum
1054 1842 1295 1881 Heidelbergensi
1315 1851 1370 1872 nec
1386 1851 1452 1871 raro

328 1897 395 1926 huic
425 1901 573 1935 praestat,
604 1897 778 1935 plerumque
803 1905 836 1925 eo
861 1895 984 1924 inferior
1007 1898 1049 1924 est
1073 1898 1101 1923 et
1124 1894 1231 1933 passim
1260 1893 1455 1932 interpolatus

328 1948 556 1986 interpolatione
573 1948 762 1977 audacissima
779 1952 807 1976 et
823 1945 877 1976 sibi
894 1945 1023 1984 propria,
1040 1950 1071 1974 ut
1083 1954 1112 1983 p.
1129 1948 1154 1981 1,
1168 1947 1184 1976 3
1203 1944 1232 1974 in
1249 1945 1311 1983 ipsa
1328 1944 1453 1982 inscrip-

328 1999 408 2028 tione
440 1998 581 2028 Adventus
609 1998 702 2026 sactus
732 2001 790 2032 est,
823 2001 854 2026 ut
889 1997 963 2033 dixi,
999 1995 1183 2026 Constantius
1213 2013 1251 2016 —
1281 2005 1309 2034 p.
1336 1995 1410 2031 179,
1435 1996 1452 2025 7

332 2049 475 2079 montibus
492 2049 571 2084 boni,
593 2048 736 2078 aientibus
751 2047 787 2083 H,
804 2048 921 2078 collium
935 2048 1137 2087 prominenciis
1153 2046 1238 2077 Bern.
1265 2063 1305 2068 —
1332 2046 1400 2081 196,
1416 2046 1451 2075 11

329 2101 384 2130 nili
415 2100 537 2130 navibus
570 2099 656 2134 boni,
692 2098 779 2129 lichni
810 2099 932 2129 navibus
962 2098 1004 2133 H,
1039 2097 1111 2136 liqui
1143 2096 1263 2127 navibus
1290 2097 1378 2127 Rern.
1413 2112 1455 2116 -—

333 2153 459 2187 177,12
485 2151 670 2181 Carmaniam
698 2159 764 2179 vera
792 2150 894 2186 lectio,
929 2149 1111 2179 Germaniam
1135 2147 1176 2182 H,
1208 2147 1342 2177 Arabiam
1366 2146 1454 2176 Bern.
