1593 2409
741 99 883 127 XXXVIII

313 190 508 229 subscriptio:
532 189 625 219 Iulius
647 187 765 217 Solinus
787 188 819 217 de
838 185 997 225 polt’storiis
1020 185 1136 224 ewplicit
1160 185 1207 214 deo
1230 186 1347 223 gratias.
1387 183 1438 212 ad-

311 246 354 270 est
376 241 518 280 praefatio
542 240 652 279 spuria.

182 296 220 325 40
246 293 363 331 Burney
388 302 416 321 n.
434 292 495 322 256
519 300 594 321 saec.
610 289 673 318 XII.
713 288 866 327 inscriptio
893 287 988 323 nulla3
1012 286 1205 324 subscriptio:
1229 285 1346 325 explicit
1369 284 1440 314 liber

312 342 368 373 Gai
388 342 412 372 I.
437 342 467 371 S.
491 343 674 380 yrammatici
693 339 846 380 polihistor
874 338 909 368 ab
933 340 993 376 ipso
1017 338 1058 367 ed.
1099 343 1125 366 et
1154 346 1209 366 rec.
1235 337 1266 365 de
1288 338 1346 366 situ
1369 345 1395 365 o.
1420 341 1437 364 t.

310 399 335 423 et
365 404 388 423 s.
411 403 449 423 m.
480 403 532 432 que
561 395 593 422 in
621 391 729 421 mundo
759 390 900 420 habentur
937 389 1082 427 (sequitur
1105 397 1223 418 carmen
1248 387 1374 416 llbrarii:
1409 386 1438 415 S.

311 445 444 475 Althman
467 454 553 483 quam
575 443 666 473 studii
686 442 777 477 tedet).
816 441 897 470 adest
920 440 1061 479 praefatio
1085 439 1193 478 spuria.

183 507 219 536 41
246 504 440 535 Cottonianus
462 504 550 542 Vesp.
574 503 606 532 B.
631 501 706 531 XXV
730 510 805 530 saec.
822 500 883 529 XII.
922 499 1099 538 subscriptio
1123 497 1342 527 Theodosiana:
1367 495 1392 526 I.
1409 496 1439 525 S.

315 555 432 595 explicit
458 560 492 584 st.
516 560 541 584 et
568 554 594 583 d.
618 554 716 583 domni
739 551 778 581 th..
802 553 861 581 inv.
883 560 928 590 pr.

183 609 222 638 42
248 607 441 637 Cottonianus
469 605 568 644 Cleop.
592 605 624 634 D.
649 604 659 632 I
692 612 768 633 saec.
793 602 854 631 XII.
899 601 1076 639 subscriptio
1106 599 1325 629 Theodosiana:
1358 597 1380 627 I.
1412 597 1442 627 S.

312 657 432 696 explicit
455 656 579 694 feliciter
594 660 627 685 st.
645 660 670 685 et
686 655 712 683 cl.
730 654 829 683 domui
848 653 886 682 tlt.
904 655 964 682 inv.
979 662 1025 691 pr.
1063 655 1127 690 post
1155 652 1203 685 15,
1222 653 1236 681 1
1261 659 1348 679 umor
1371 649 1440 678 folio

316 709 424 737 amisso
447 707 583 746 sequitur
609 707 656 741 19,
674 706 692 735 9
719 704 864 734 Milonem.

186 771 226 801 43
252 768 424 797 Harleianus
447 768 530 798 2569
554 775 628 796 saec.
653 765 712 794 XV.
751 763 905 803 inscriptio
929 768 957 791 et
981 761 1175 800 subscriptio:
1211 760 1277 790 Caii
1296 760 1368 790 Iulii
1390 759 1445 788 So-

312 819 367 848 lini
390 818 450 856 (sol.
476 817 528 847 iul.
553 817 656 854 inscr.)
685 816 723 845 ad
745 816 903 845 Adventum
923 813 1076 853 poliliistor
1096 815 1155 841 sive
1178 812 1209 841 cle
1232 813 1289 841 situ
1313 810 1389 840 orbis
1412 820 1444 840 ac

309 870 413 900 mundi
433 868 625 898 mirabilibus.

184 925 224 953 44
248 921 424 951 Harleianus
440 919 523 950 2583
547 928 624 948 saec.
642 918 715 947 XVI.
756 916 909 955 inscriptio
927 920 993 954 post
1016 915 1143 954 capitum
1161 913 1350 943 laterculum:
1375 912 1447 942 Iulii

315 971 411 1001 Solini
434 971 466 999 cle
489 972 546 1000 situ
569 980 595 1000 o.
611 974 630 999 t.
655 974 680 998 et
697 966 932 998 memorabilibus
956 975 1027 1005 quae
1048 965 1151 994 numdi
1172 964 1281 994 ambitu
1296 965 1445 994 continen-

311 1028 360 1052 tur
382 1021 460 1051 liber.

187 1077 226 1106 45
252 1074 425 1103 Harleianus
447 1072 532 1102 2584
558 1080 633 1101 saec.
658 1070 731 1099 XIV.
777 1068 931 1108 inscriptio
956 1074 984 1097 et
1007 1067 1184 1106 subscriptio
1215 1072 1248 1095 ut
1270 1066 1300 1095 in
1325 1066 1447 1104 Sangal-

314 1124 397 1153 lensi.
443 1123 525 1152 adest
548 1122 691 1161 praefatio
715 1121 823 1159 spuria.

189 1178 229 1208 46
254 1176 428 1205 Harleiauus
452 1174 535 1204 2604
559 1182 635 1202 saec.
658 1172 718 1201 XV.
758 1171 911 1210 inscriptio
936 1174 965 1199 et
987 1169 1181 1207 subscriptio:
1206 1168 1302 1198 Solini
1323 1168 1394 1197 liber
1417 1168 1448 1197 cle

313 1225 497 1255 mirabilibus
515 1224 625 1254 mundi.

188 1289 227 1318 47
253 1285 428 1315 Harleianus
444 1285 529 1315 2645
554 1293 629 1313 saec.
646 1282 723 1311 XIII.
762 1281 916 1319 inscriptio
942 1284 1010 1309 ante
1026 1278 1255 1318 praefationem:
1279 1280 1378 1317 incipit
1395 1277 1450 1308 So-

319 1336 396 1365 linus
420 1336 451 1364 <Ie
466 1333 707 1367 memorabilibus,
733 1332 839 1361 deinde
862 1335 929 1360 ante
954 1330 1145 1360 laterculum:
1171 1329 1314 1359 indiculus
1336 1331 1450 1368 capitu*-

318 1387 415 1417 lorum
444 1385 505 1415 Iuli
532 1384 629 1415 Solini
655 1393 756 1413 rerum
794 1382 974 1412 collectorum
1003 1381 1086 1419 iufra
1115 1382 1298 1419 scriptarum.
1351 1380 1450 1410 deficit

318 1438 393 1467 liber
416 1438 446 1466 in
470 1436 570 1466 verbis
593 1446 621 1475 p.
642 1437 713 1469 212,
731 1437 748 1465 5
773 1434 855 1472 infra
877 1434 997 1472 famam.

192 1500 232 1530 48
256 1498 432 1527 Harleianus
456 1497 539 1528 3859
563 1505 638 1525 saec.
662 1495 724 1524 XII.
774 1492 944 1532 inscriptio:
976 1492 1046 1521 liber
1072 1493 1186 1531 primus
1209 1489 1280 1520 Iulii
1301 1490 1397 1520 Solini
1418 1492 1451 1519 in

317 1548 473 1587 polistoriis
488 1557 587 1577 rerum
600 1545 780 1576 mirabilium
796 1545 921 1583 undique
937 1543 1129 1573 collectarum.
1159 1541 1338 1580 subscriptio
1353 1541 1449 1570 Theo-

320 1600 453 1629 dosiana:
478 1598 501 1627 I.
525 1598 554 1627 S.
578 1597 654 1636 ewpl.
676 1596 726 1635 fel.
750 1601 783 1625 st.
808 1601 833 1625 et
858 1595 906 1624 dil.
933 1593 980 1623 Th.
1004 1596 1064 1623 inv.
1086 1602 1132 1632 pr.

193 1662 232 1691 49
257 1659 433 1689 Harleianus
457 1658 539 1688 5373
563 1659 639 1686 saec.
663 1656 739 1685 XIII.
779 1655 948 1693 inscriptio:
983 1653 1012 1683 C.
1037 1653 1109 1682 Iulii
1130 1651 1226 1681 Solinz'
1245 1652 1452 1690 grammaticus

319 1710 506 1749 poliltz'storve
529 1709 563 1738 ab
586 1710 645 1747 ipso
669 1707 761 1736 editus
784 1711 809 1736 et
831 1707 991 1743 recoqni'tus
1014 1704 1046 1733 de
1061 1705 1118 1732 situ
1143 1712 1168 1732 ο.
1186 1708 1205 1732 t.
1228 1708 1254 1732 et
1277 1703 1309 1732 de
1332 1711 1354 1731 s.
1371 1711 1409 1731 m.
1426 1712 1450 1741 q.

322 1764 353 1790 in
374 1770 413 1790 m.
438 1759 597 1794 habenlur;
622 1757 816 1796 subscriptio:
841 1755 913 1785 Iulii
929 1754 1025 1784 Solini
1046 1753 1281 1783 collectaneorum
1305 1752 1375 1782 liber
1397 1762 1452 1782 ea:-

322 1811 412 1850 plicit.
453 1810 535 1839 adest
559 1809 700 1848 praefatio
724 1808 833 1847 spuria.

195 1874 233 1903 50
258 1871 357 1909 regius
382 1871 430 1902 13.
456 1870 486 1898 C.
512 1869 548 1898 VI
571 1878 647 1898 saec.
671 1868 743 1897 XIV.
790 1867 942 1906 inscriptio
973 1871 1001 1895 et
1027 1864 1206 1903 subscriptio
1238 1863 1326 1893 nulla.
1371 1862 1453 1892 adest

324 1922 466 1960 praefatio
491 1920 598 1959 spuria.

197 1976 233 2004 51
261 1973 359 2012 regius
385 1975 433 2003 15.
458 1972 490 2001 Α.
514 1971 593 2000 XXII
617 1980 693 2000 saec.
717 1969 778 2000 XII.
824 1968 977 2007 inscriptio
1003 1967 1082 1997 nulla
1111 1967 1166 1996 nisi
1190 1964 1381 2005 praefationis
1403 1963 1453 1994 Iu-

326 2024 382 2053 lius
405 2023 522 2053 Solinus
545 2022 670 2051 Adventu
693 2021 814 2051 salutem
838 2020 879 2057 (iu
904 2019 1000 2048 indice
1016 2017 1172 2047 voluniInis
1196 2021 1240 2046 est
1263 2017 1294 2046 de
1309 2015 1453 2046 mirabili-

326 2075 377 2104 bus
399 2076 486 2104 totius
509 2073 638 2109 mundi),
663 2071 841 2111 subscriptio
866 2070 1087 2099 Theodosiana:
1119 2067 1141 2097 I.
1166 2067 1195 2096 S.
1220 2067 1295 2106 empl.
1319 2071 1353 2096 st.
1377 2072 1402 2096 et
1427 2066 1452 2095 d.

325 2126 435 2156 domini
461 2123 508 2153 Th.
533 2125 592 2153 inv.
613 2133 659 2162 pr.

200 2178 241 2208 52
265 2177 363 2216 regius
390 2178 437 2207 15.
468 2177 499 2205 A.
529 2174 634 2204 XXXII
657 2184 734 2204 saec.
759 2173 898 2212 XIIJXIII.
948 2171 1103 2209 inscriptio
1131 2171 1211 2208 (post
1239 2168 1380 2208 epistulae
1410 2168 1456 2197 in-

1592 827 1593 831 „
1588 795 1593 814 ..-
1586 743 1593 786 ‚ae-
